
  
  
  
  
  
  
  
  
  
 
  
  <record xsi:schemaLocation="http://www.loc.gov/MARC21/slim http://www.loc.gov/standards/marcxml/schema/MARC21slim.xsd">
      <leader>00000cam a2200709Ia 4500</leader>
      <controlfield tag="FMT">BK</controlfield>
      <controlfield tag="LDR">00000cam a2200709Ia 4500</controlfield>
      <controlfield tag="001">001241923</controlfield>
      <controlfield tag="003">OCoLC</controlfield>
      <controlfield tag="005">20170207161527.0</controlfield>
      <controlfield tag="008">910605m19899999ne abe   b    000 0 eng d</controlfield>
      <datafield tag="020" ind1=" " ind2=" ">
         <subfield code="a">905063009X</subfield>
      </datafield>
      <datafield tag="020" ind1=" " ind2=" ">
         <subfield code="a">9789050630092</subfield>
      </datafield>
      <datafield tag="020" ind1=" " ind2=" ">
         <subfield code="a">9050630839</subfield>
      </datafield>
      <datafield tag="020" ind1=" " ind2=" ">
         <subfield code="a">9789050630832</subfield>
      </datafield>
      <datafield tag="035" ind1=" " ind2=" ">
         <subfield code="a">(OCoLC)23884712</subfield>
      </datafield>
      <datafield tag="040" ind1=" " ind2=" ">
         <subfield code="a">UIU</subfield>
         <subfield code="b">eng</subfield>
         <subfield code="c">UIU</subfield>
         <subfield code="d">IUL</subfield>
         <subfield code="d">TXA</subfield>
         <subfield code="d">NLGGC</subfield>
         <subfield code="d">LVB</subfield>
         <subfield code="d">YDXCP</subfield>
         <subfield code="d">GEBAY</subfield>
         <subfield code="d">CGU</subfield>
         <subfield code="d">OCLCO</subfield>
         <subfield code="d">OCLCQ</subfield>
         <subfield code="d">OCLCF</subfield>
         <subfield code="d">OCLCQ</subfield>
         <subfield code="d">ZYU</subfield>
         <subfield code="d">OCLCO</subfield>
         <subfield code="d">OCL</subfield>
         <subfield code="d">ZYU</subfield>
      </datafield>
      <datafield tag="043" ind1=" " ind2=" ">
         <subfield code="a">e-gr---</subfield>
      </datafield>
      <datafield tag="050" ind1=" " ind2="4">
         <subfield code="a">DF261.B5</subfield>
         <subfield code="b">B64 1989</subfield>
      </datafield>
      <datafield tag="079" ind1=" " ind2=" ">
         <subfield code="a">(OCoLC)23884712</subfield>
      </datafield>
      <datafield tag="082" ind1="0" ind2="4">
         <subfield code="a">938</subfield>
         <subfield code="b">B452</subfield>
         <subfield code="2">20</subfield>
      </datafield>
      <datafield tag="084" ind1=" " ind2=" ">
         <subfield code="a">15.34</subfield>
         <subfield code="2">bcl</subfield>
      </datafield>
      <datafield tag="245" ind1="0" ind2="0">
         <subfield code="a">Boeotia antiqua /</subfield>
         <subfield code="c">editor John M. Fossey.</subfield>
      </datafield>
      <datafield tag="260" ind1=" " ind2=" ">
         <subfield code="a">Amsterdam :</subfield>
         <subfield code="b">J.C. Gieben,</subfield>
         <subfield code="c">1989-</subfield>
      </datafield>
      <datafield tag="300" ind1=" " ind2=" ">
         <subfield code="a">volumes :</subfield>
         <subfield code="b">illustrations, maps, plans ;</subfield>
         <subfield code="c">29 cm.</subfield>
      </datafield>
      <datafield tag="336" ind1=" " ind2=" ">
         <subfield code="a">text</subfield>
         <subfield code="b">txt</subfield>
         <subfield code="2">rdacontent</subfield>
      </datafield>
      <datafield tag="337" ind1=" " ind2=" ">
         <subfield code="a">unmediated</subfield>
         <subfield code="b">n</subfield>
         <subfield code="2">rdamedia</subfield>
      </datafield>
      <datafield tag="338" ind1=" " ind2=" ">
         <subfield code="a">volume</subfield>
         <subfield code="b">nc</subfield>
         <subfield code="2">rdacarrier</subfield>
      </datafield>
      <datafield tag="490" ind1="1" ind2=" ">
         <subfield code="a">McGill University monographs in classical archaeology and history ;</subfield>
         <subfield code="v">no. 7, 11, 14-15, 17-18</subfield>
      </datafield>
      <datafield tag="504" ind1=" " ind2=" ">
         <subfield code="a">Includes bibliographical references.</subfield>
      </datafield>
      <datafield tag="651" ind1=" " ind2="0">
         <subfield code="a">Voiōtia (Greece)</subfield>
         <subfield code="x">History.</subfield>
      </datafield>
      <datafield tag="650" ind1=" " ind2="0">
         <subfield code="a">Excavations (Archaeology)</subfield>
         <subfield code="z">Greece</subfield>
         <subfield code="z">Voiōtia.</subfield>
      </datafield>
      <datafield tag="651" ind1=" " ind2="0">
         <subfield code="a">Voiōtia (Greece)</subfield>
         <subfield code="x">Antiquities.</subfield>
      </datafield>
      <datafield tag="650" ind1=" " ind2="6">
         <subfield code="a">Fouilles (Archéologie)</subfield>
         <subfield code="z">Grèce</subfield>
         <subfield code="z">Béotie.</subfield>
      </datafield>
      <datafield tag="651" ind1=" " ind2="6">
         <subfield code="a">Béotie (Grèce)</subfield>
         <subfield code="x">Antiquités.</subfield>
      </datafield>
      <datafield tag="651" ind1=" " ind2="6">
         <subfield code="a">Grèce</subfield>
         <subfield code="x">Antiquités.</subfield>
      </datafield>
      <datafield tag="650" ind1=" " ind2="7">
         <subfield code="a">Antiquities.</subfield>
         <subfield code="2">fast</subfield>
         <subfield code="0">(OCoLC)fst00810745</subfield>
      </datafield>
      <datafield tag="650" ind1=" " ind2="7">
         <subfield code="a">Excavations (Archaeology)</subfield>
         <subfield code="2">fast</subfield>
         <subfield code="0">(OCoLC)fst00917564</subfield>
      </datafield>
      <datafield tag="651" ind1=" " ind2="7">
         <subfield code="a">Greece</subfield>
         <subfield code="z">Voiōtia.</subfield>
         <subfield code="2">fast</subfield>
         <subfield code="0">(OCoLC)fst01224672</subfield>
      </datafield>
      <datafield tag="650" ind1="1" ind2="7">
         <subfield code="a">Archeologie.</subfield>
         <subfield code="2">gtt</subfield>
      </datafield>
      <datafield tag="650" ind1="1" ind2="7">
         <subfield code="a">Epigrafie.</subfield>
         <subfield code="2">gtt</subfield>
      </datafield>
      <datafield tag="650" ind1="1" ind2="7">
         <subfield code="a">Oudheid.</subfield>
         <subfield code="2">gtt</subfield>
      </datafield>
      <datafield tag="650" ind1=" " ind2="7">
         <subfield code="a">Aufsatzsammlung.</subfield>
         <subfield code="2">gnd</subfield>
      </datafield>
      <datafield tag="650" ind1=" " ind2="7">
         <subfield code="a">Archäologie.</subfield>
         <subfield code="2">gnd</subfield>
      </datafield>
      <datafield tag="650" ind1=" " ind2="7">
         <subfield code="a">Geschichte.</subfield>
         <subfield code="2">gnd</subfield>
      </datafield>
      <datafield tag="651" ind1=" " ind2="7">
         <subfield code="a">Böotien.</subfield>
         <subfield code="2">gnd</subfield>
      </datafield>
      <datafield tag="648" ind1=" " ind2="7">
         <subfield code="a">Geschichte 3000 v. Chr.-330 v. Chr.</subfield>
         <subfield code="2">swd</subfield>
      </datafield>
      <datafield tag="648" ind1=" " ind2="7">
         <subfield code="a">Geschichte Anfänge-500.</subfield>
         <subfield code="2">swd</subfield>
      </datafield>
      <datafield tag="655" ind1=" " ind2="7">
         <subfield code="a">History.</subfield>
         <subfield code="2">fast</subfield>
         <subfield code="0">(OCoLC)fst01411628</subfield>
      </datafield>
      <datafield tag="700" ind1="1" ind2=" ">
         <subfield code="a">Fossey, John M.</subfield>
      </datafield>
      <datafield tag="711" ind1="2" ind2=" ">
         <subfield code="a">International Conference on Boiotian Antiquities.</subfield>
      </datafield>
      <datafield tag="740" ind1="0" ind2="2">
         <subfield code="a">Papers on recent work in Boiotian archaeology and history.</subfield>
      </datafield>
      <datafield tag="740" ind1="0" ind2="2">
         <subfield code="a">Papers on recent work in Boiotian archaeology and epigraphy.</subfield>
      </datafield>
      <datafield tag="740" ind1="0" ind2="2">
         <subfield code="a">Papers on Boiotian history, institutions and epigraphy in memory of Paul Roesch.</subfield>
      </datafield>
      <datafield tag="740" ind1="0" ind2="2">
         <subfield code="a">Proceedings of the 7th International Congress on Boiotian Antiquities: Boiotian (and other) epigraphy.</subfield>
      </datafield>
      <datafield tag="740" ind1="0" ind2="2">
         <subfield code="a">Studies on Boiotian topography, cults and terracottas.</subfield>
      </datafield>
      <datafield tag="740" ind1="0" ind2="2">
         <subfield code="a">Proceedings of the 8th International Conference on Boiotian Antiquities (Loyola University of Chicago, 24-26 May 1995)</subfield>
      </datafield>
      <datafield tag="776" ind1="0" ind2="8">
         <subfield code="i">Online version:</subfield>
         <subfield code="t">Boeotia antiqua.</subfield>
         <subfield code="d">Amsterdam : J.C. Gieben, 1989-</subfield>
         <subfield code="w">(OCoLC)609217341</subfield>
      </datafield>
      <datafield tag="776" ind1="0" ind2="8">
         <subfield code="i">Online version:</subfield>
         <subfield code="t">Boeotia antiqua.</subfield>
         <subfield code="d">Amsterdam : J.C. Gieben, 1989-</subfield>
         <subfield code="w">(OCoLC)621695046</subfield>
      </datafield>
      <datafield tag="880" ind1="1" ind2="0">
         <subfield code="6">505-00/</subfield>
         <subfield code="g">I.</subfield>
         <subfield code="t">Papers on recent work in Boiotian archaeology and history --</subfield>
         <subfield code="g">II.</subfield>
         <subfield code="t">Papers on recent work in Boiotian archaeology and epigraphy.</subfield>
         <subfield code="t">Heroes who did not "Rest in Peace": Legends and the Archaeological Record /</subfield>
         <subfield code="r">Khará Tzavélla-Evjen --</subfield>
         <subfield code="t">Le site d'Askra et ses carrières /</subfield>
         <subfield code="r">Ginette Gauvin &amp; Jacques Morin --</subfield>
         <subfield code="t">Archaeological Explorations in the Thisbe Basin /</subfield>
         <subfield code="r">Timothy E. Gregory --</subfield>
         <subfield code="t">Purpose and Function of the Anicent Hydraulic Structures at Thisbe /</subfield>
         <subfield code="r">Jost Knauss --</subfield>
         <subfield code="t">Two Notes from Thisbe /</subfield>
         <subfield code="r">John M. Fossey --</subfield>
         <subfield code="t">A Forgotten Inscription From Klembotsári, (Asopía), Boiotia /</subfield>
         <subfield code="r">Franco De Angelis --</subfield>
         <subfield code="t">A Theban Weight or Shot? /</subfield>
         <subfield code="r">John M. Fossey.</subfield>
         <subfield code="g">III.</subfield>
         <subfield code="t">Papers on Boiotian history, institutions and epigraphy in memory of Paul Roesch.</subfield>
         <subfield code="t">Remarques sur la langue des inventaires de Tanagra /</subfield>
         <subfield code="r">Michel Casevitz --</subfield>
         <subfield code="t">Un fonds d'achat de grain à Coronée /</subfield>
         <subfield code="r">Léopold Migeotte --</subfield>
         <subfield code="t">La battaglia di Ceresso e la secessione di Tespie /</subfield>
         <subfield code="r">Marta Sordi --</subfield>
         <subfield code="t">Inscriptions de Béotie relatives à l'eau /</subfield>
         <subfield code="r">Gilbert Argoud --</subfield>
         <subfield code="t">The Kaphisias Family of Tanagra /</subfield>
         <subfield code="r">Duane W. Roller --</subfield>
         <subfield code="t">Some Thoughts on Ploutarkhos' Approach to History /</subfield>
         <subfield code="r">John Buckler --</subfield>
         <subfield code="t">Παιδοποιια in Archaic Thebes /</subfield>
         <subfield code="r">John M. Fossey --</subfield>
         <subfield code="t">The Outbreak of the Boiotian War /</subfield>
         <subfield code="r">Robert J. Buck.</subfield>
         <subfield code="g">IV.</subfield>
         <subfield code="t">Proceedings of the 7th International Congress on Boiotian Antiquities: Boiotian (and other) epigraphy --</subfield>
         <subfield code="g">V.</subfield>
         <subfield code="t">Studies on Boiotian topography, cults and terracottas --</subfield>
         <subfield code="g">VI.</subfield>
         <subfield code="t">Proceedings of the 8th International Conference on Boiotian Antiquities (Loyola University of Chicago, 24-26 May 1995).</subfield>
      </datafield>
      <datafield tag="830" ind1=" " ind2="0">
         <subfield code="a">McGill University monographs in classical archaeology and history ;</subfield>
         <subfield code="v">no. 7, 11, 14-15, 17-18.</subfield>
      </datafield>
      <datafield tag="OWN" ind1=" " ind2=" ">
         <subfield code="a">GENERAL</subfield>
      </datafield>
      <datafield tag="950" ind1=" " ind2=" ">
         <subfield code="a">DF261.B5</subfield>
         <subfield code="b">B64 1989</subfield>
      </datafield>
      <datafield tag="950" ind1=" " ind2=" ">
         <subfield code="l">IFAM</subfield>
         <subfield code="a">DF261.B5</subfield>
         <subfield code="b">B45 1989</subfield>
         <subfield code="n">455:slnanalyzed\</subfield>
         <subfield code="i">02/12/92 C</subfield>
      </datafield>
      <datafield tag="955" ind1=" " ind2=" ">
         <subfield code="l">IFAM</subfield>
         <subfield code="c">1:v.1</subfield>
         <subfield code="i">02/12/92 C</subfield>
      </datafield>
      <datafield tag="998" ind1=" " ind2=" ">
         <subfield code="a">02/12/92</subfield>
         <subfield code="t">c</subfield>
         <subfield code="s">9114</subfield>
         <subfield code="n">NNU</subfield>
         <subfield code="w">NYPG90B72540</subfield>
         <subfield code="d">02/12/92</subfield>
         <subfield code="b">JR</subfield>
         <subfield code="i">920212</subfield>
         <subfield code="l">NYUG</subfield>
      </datafield>
      <datafield tag="AVA" ind1=" " ind2=" ">
         <subfield code="a">NYU50</subfield>
         <subfield code="b">BOBST</subfield>
         <subfield code="c">Main Collection</subfield>
         <subfield code="d">DF261.B5 B45 1989</subfield>
         <subfield code="e">available</subfield>
         <subfield code="t">Available</subfield>
         <subfield code="f">2</subfield>
         <subfield code="g">0</subfield>
         <subfield code="h">Y</subfield>
         <subfield code="i">1</subfield>
         <subfield code="j">MAIN</subfield>
         <subfield code="k">0</subfield>
      </datafield>
      <datafield tag="AVA" ind1=" " ind2=" ">
         <subfield code="a">NYU50</subfield>
         <subfield code="b">NIFA</subfield>
         <subfield code="c">Main Collection</subfield>
         <subfield code="d">DF261.B5 B45 1989 Non-circulating</subfield>
         <subfield code="e">available</subfield>
         <subfield code="t">Available</subfield>
         <subfield code="f">3</subfield>
         <subfield code="g">0</subfield>
         <subfield code="h">Y</subfield>
         <subfield code="i">0</subfield>
         <subfield code="j">MAIN</subfield>
         <subfield code="k">0</subfield>
      </datafield>
      <datafield tag="AVA" ind1=" " ind2=" ">
         <subfield code="a">NYU50</subfield>
         <subfield code="b">NISAW</subfield>
         <subfield code="c">Large Collection</subfield>
         <subfield code="d">DF261.B5 B64 1989 Non-circulating</subfield>
         <subfield code="e">available</subfield>
         <subfield code="t">Available</subfield>
         <subfield code="f">2</subfield>
         <subfield code="g">0</subfield>
         <subfield code="h">Y</subfield>
         <subfield code="i">0</subfield>
         <subfield code="j">LARGE</subfield>
         <subfield code="k">0</subfield>
      </datafield>
      <marc:datafield tag="852" ind1=" " ind2=" ">
         <marc:subfield code="b">Institute for the Study of the Ancient World, </marc:subfield>
         <marc:subfield code="c">Large Collection</marc:subfield>
         <marc:subfield code="e">15 East 84th St., </marc:subfield>
         <marc:subfield code="e">New York, NY  10028</marc:subfield>
      </marc:datafield>
   </record>