
  
  
  
  
  
  
  
  
  
 
  
  <record xsi:schemaLocation="http://www.loc.gov/MARC21/slim http://www.loc.gov/standards/marcxml/schema/MARC21slim.xsd">
      <leader>00000cam a22005297i 4500</leader>
      <controlfield tag="FMT">BK</controlfield>
      <controlfield tag="LDR">00000cam a22005297i 4500</controlfield>
      <controlfield tag="001">004309565</controlfield>
      <controlfield tag="003">OCoLC</controlfield>
      <controlfield tag="005">20170206152052.0</controlfield>
      <controlfield tag="008">160513s2016    gw ab    b    100 0 eng d</controlfield>
      <datafield tag="010" ind1=" " ind2=" ">
         <subfield code="a">2016418133</subfield>
      </datafield>
      <datafield tag="016" ind1="7" ind2=" ">
         <subfield code="a">108244099X</subfield>
         <subfield code="2">DE-101</subfield>
      </datafield>
      <datafield tag="016" ind1="7" ind2=" ">
         <subfield code="a">108244099X</subfield>
         <subfield code="2">GyFmDB</subfield>
      </datafield>
      <datafield tag="020" ind1=" " ind2=" ">
         <subfield code="a">9783447106146 (v. 1)</subfield>
      </datafield>
      <datafield tag="020" ind1=" " ind2=" ">
         <subfield code="a">344710614X (v. 1)</subfield>
      </datafield>
      <datafield tag="020" ind1=" " ind2=" ">
         <subfield code="a">9783447105873 (v. 2)</subfield>
      </datafield>
      <datafield tag="020" ind1=" " ind2=" ">
         <subfield code="a">3447105879 (v. 2)</subfield>
      </datafield>
      <datafield tag="020" ind1=" " ind2=" ">
         <subfield code="a">9783447106153 (v. 3)</subfield>
      </datafield>
      <datafield tag="020" ind1=" " ind2=" ">
         <subfield code="a">3447106158 (v. 3)</subfield>
      </datafield>
      <datafield tag="035" ind1="7" ind2=" ">
         <subfield code="a">har160098696</subfield>
      </datafield>
      <datafield tag="035" ind1="7" ind2=" ">
         <subfield code="a">har160098646</subfield>
      </datafield>
      <datafield tag="035" ind1="7" ind2=" ">
         <subfield code="a">har160098727</subfield>
      </datafield>
      <datafield tag="035" ind1=" " ind2=" ">
         <subfield code="a">(OCoLC)948440256</subfield>
         <subfield code="z">(OCoLC)944086040</subfield>
         <subfield code="z">(OCoLC)944086111</subfield>
         <subfield code="z">(OCoLC)944086112</subfield>
      </datafield>
      <datafield tag="040" ind1=" " ind2=" ">
         <subfield code="a">OHX</subfield>
         <subfield code="b">eng</subfield>
         <subfield code="e">rda</subfield>
         <subfield code="c">OHX</subfield>
         <subfield code="d">DLC</subfield>
         <subfield code="d">BTCTA</subfield>
         <subfield code="d">YDXCP</subfield>
         <subfield code="d">TEF</subfield>
         <subfield code="d">LTSCA</subfield>
         <subfield code="d">OCLCF</subfield>
         <subfield code="d">NNU</subfield>
      </datafield>
      <datafield tag="042" ind1=" " ind2=" ">
         <subfield code="a">lccopycat</subfield>
      </datafield>
      <datafield tag="043" ind1=" " ind2=" ">
         <subfield code="a">aw-----</subfield>
      </datafield>
      <datafield tag="050" ind1="0" ind2="0">
         <subfield code="a">DS56</subfield>
         <subfield code="b">.I56 2014</subfield>
      </datafield>
      <datafield tag="072" ind1=" " ind2="7">
         <subfield code="a">DS</subfield>
         <subfield code="2">lcco</subfield>
      </datafield>
      <datafield tag="079" ind1=" " ind2=" ">
         <subfield code="a">(OCoLC)948440256</subfield>
      </datafield>
      <datafield tag="082" ind1="0" ind2="0">
         <subfield code="a">939.4</subfield>
         <subfield code="2">23</subfield>
      </datafield>
      <datafield tag="111" ind1="2" ind2=" ">
         <subfield code="a">International Congress on the Archaeology of the Ancient Near East</subfield>
         <subfield code="n">(9th :</subfield>
         <subfield code="d">2014 :</subfield>
         <subfield code="c">Basel, Switzerland)</subfield>
      </datafield>
      <datafield tag="245" ind1="1" ind2="0">
         <subfield code="a">Proceedings of the 9th International Congress on the Archaeology of the Ancient Near East :</subfield>
         <subfield code="b">9-13 June 2014, Basel /</subfield>
         <subfield code="c">edited by Rolf A. Stucky, Oskar Kaelin and Hans-Peter Mathys.</subfield>
      </datafield>
      <datafield tag="246" ind1="3" ind2="0">
         <subfield code="a">9th International Congress on the Archaeology of the Ancient Near East</subfield>
      </datafield>
      <datafield tag="246" ind1="3" ind2="0">
         <subfield code="a">International Congress on the Archaeology of the Ancient Near East</subfield>
      </datafield>
      <datafield tag="260" ind1=" " ind2=" ">
         <subfield code="a">Wiesbaden :</subfield>
         <subfield code="b">Harrassowitz Verlag,</subfield>
         <subfield code="c">2016.</subfield>
      </datafield>
      <datafield tag="300" ind1=" " ind2=" ">
         <subfield code="a">3 volumes :</subfield>
         <subfield code="b">illustrations, maps ;</subfield>
         <subfield code="c">25 cm.</subfield>
      </datafield>
      <datafield tag="336" ind1=" " ind2=" ">
         <subfield code="a">text</subfield>
         <subfield code="b">txt</subfield>
         <subfield code="2">rdacontent</subfield>
      </datafield>
      <datafield tag="336" ind1=" " ind2=" ">
         <subfield code="a">still image</subfield>
         <subfield code="b">sti</subfield>
         <subfield code="2">rdacontent</subfield>
      </datafield>
      <datafield tag="336" ind1=" " ind2=" ">
         <subfield code="a">cartographic image</subfield>
         <subfield code="b">cri</subfield>
         <subfield code="2">rdacontent</subfield>
      </datafield>
      <datafield tag="337" ind1=" " ind2=" ">
         <subfield code="a">unmediated</subfield>
         <subfield code="b">n</subfield>
         <subfield code="2">rdacontent</subfield>
      </datafield>
      <datafield tag="338" ind1=" " ind2=" ">
         <subfield code="a">volume</subfield>
         <subfield code="b">nc</subfield>
         <subfield code="2">rdacontent</subfield>
      </datafield>
      <datafield tag="500" ind1=" " ind2=" ">
         <subfield code="a">International conference proceedings.</subfield>
      </datafield>
      <datafield tag="504" ind1=" " ind2=" ">
         <subfield code="a">Includes bibliographical references.</subfield>
      </datafield>
      <datafield tag="505" ind1="0" ind2="0">
         <subfield code="g">Volume 1.</subfield>
         <subfield code="g">[Part 1.]</subfield>
         <subfield code="t">Travelling Images: Transfer and Transformation of Visual Ideas /</subfield>
         <subfield code="r">edited by Oskar Kaelin.</subfield>
         <subfield code="t">Man or Superman? Transfer and Transformation of Visual Ideas in Royal Representations /</subfield>
         <subfield code="r">Oskar Kaelin --</subfield>
         <subfield code="t">New Archaeological Finds from Ziwiye: Preliminary Notes on the Ziwiye Seals Corpus /</subfield>
         <subfield code="r">Enrico Ascalone, Zohreh Baseri --</subfield>
         <subfield code="t">Exchanges of Identity in Prehistoric Anatolian Figurines /</subfield>
         <subfield code="r">Ellen Belcher, Karina Croucher --</subfield>
         <subfield code="t">Egyptianizing Elements in Ammonite Stone Statuary: the Atef Crown and Lotus /</subfield>
         <subfield code="r">Joel S. Burnett --</subfield>
         <subfield code="t">Image and Ideology at the End of the Early Bronze Age: The Example of the Figurative Inlaid Panels of Mari /</subfield>
         <subfield code="r">Barbara Couturaud --</subfield>
         <subfield code="t">Headless Mortals and Gods: Some Remarks on Decapitation in the Ancient Near East /</subfield>
         <subfield code="r">Rita Dolce --</subfield>
         <subfield code="t">Sport Representation: Transfer Images of Agonistic Contests /</subfield>
         <subfield code="r">Silvia Festuccia --</subfield>
         <subfield code="t">Society and Visual Image Transmission: The Painted Pottery During the Early Bronze Age at Arslantepe and in the Malatya-Elaziğ Area /</subfield>
         <subfield code="r">Pamela Fragnoli, Chiara Mallegni --</subfield>
         <subfield code="t">An Analysis of the Iconographic Rosette Motif as a Means of Non-Verbal Communication: A Case Study: The Rosette Motif and its Association with Solar Symbolism /</subfield>
         <subfield code="r">Cheryl Hart --</subfield>
         <subfield code="t">The Crescent-Lunate Motif in the Jewelery of the Bronze and Iron Ages in the Ancient Near East /</subfield>
         <subfield code="r">David Ilan --</subfield>
         <subfield code="t">Le socle/cou des crânes surmodelés: une nouvelle approche sur leur "phase d'utilisation" /</subfield>
         <subfield code="r">Ergul Kodas --</subfield>
         <subfield code="t">Vestiges of the "Ourobóros" in the Medieval Islamic Visual Tradition /</subfield>
         <subfield code="r">Sara Keuhn --</subfield>
         <subfield code="t">The Kings of Urartu in the Visual World /</subfield>
         <subfield code="r">Julia Linke --</subfield>
         <subfield code="t">The Iconography of Mudbrick Production and Construction throughout the Mediterranean: Egypt and the Near East /</subfield>
         <subfield code="r">Marta Lorenzon --</subfield>
         <subfield code="t">"Modeled after a Palace of the Land of Hatti": hilani Suites in the Neo-Assyrian Empire /</subfield>
         <subfield code="r">Lauri Mäntylä --</subfield>
      </datafield>
      <datafield tag="505" ind1="8" ind2="0">
         <subfield code="t">Pouvoir et prestige: Images égyptiennes pour le panthéon et la royauté paléosyrienne /</subfield>
         <subfield code="r">Paolo Matthiae --</subfield>
         <subfield code="t">Mesopotamian Temple Roofing and Realism and Naturalism in Art /</subfield>
         <subfield code="r">Diederik J.W. Meijer --</subfield>
         <subfield code="t">Images: Mouvements imagés: Les orthostates araméens /</subfield>
         <subfield code="r">Elisabeth Monamy --</subfield>
         <subfield code="t">Modeling Images by Shaping Ceramics /</subfield>
         <subfield code="r">Béatrice Rober, Loïc Daverat /</subfield>
         <subfield code="t">Visual Narration in Assyria Versus "Static Art" in Babylonia: Making a Difference in the 1st Millennium B.C. /</subfield>
         <subfield code="r">Elizabet Wagner-Durand --</subfield>
         <subfield code="t">The Journey of a Visual Idea: Bronze "Bathtub" Coffins in Elith Neo-Assyrian, Neo-Babylonian and Neo-Elamite Funerary Contexts /</subfield>
         <subfield code="r">Yasmina Wicks --</subfield>
         <subfield code="t">The Storm-God with a Battle-Axe on the Early 1st Millennium BC Reliefs from Eastern Anatolia/Northern Syria /</subfield>
         <subfield code="r">Olga Zolotnikova.</subfield>
         <subfield code="g">[Part 2.]</subfield>
         <subfield code="t">Dealing with the Past: Finds, Booty, Gifts, Spoils, Heirlooms /</subfield>
         <subfield code="r">edited by Rolf Stucky.</subfield>
         <subfield code="t">Dealing with the Past /</subfield>
         <subfield code="r">Rolf A. Stucky --</subfield>
         <subfield code="t">Documentation, Publication, and Reception by and of Anton Moortgat /</subfield>
         <subfield code="r">Anne-Birte Binder --</subfield>
         <subfield code="t">Sealing the Present with the Past /</subfield>
         <subfield code="r">María Dolores Casero Chamorro --</subfield>
         <subfield code="t">A Decorated Gold Jug from Nimrud Royal Tomb III /</subfield>
         <subfield code="r">A. Cellerino, E. Foietta, E. Quirico --</subfield>
         <subfield code="t">The "Modern Life" of Ancient Near Eastern Antiquities in Italy: Polyvalent Objectives for the Construction of Cultrual Meanings /</subfield>
         <subfield code="r">Silvana Di Paolo --</subfield>
         <subfield code="t">The Influence of Early Architecturla Reconstruction Drawings in Near Eastern Archaeology /</subfield>
         <subfield code="r">Sebastian Hageneur --</subfield>
         <subfield code="t">A Descriptive Survey Concerning Archaeological Efforts in the Qajar Era /</subfield>
         <subfield code="r">Abbas Hosseini --</subfield>
         <subfield code="t">The Ancient Past in the East, from the East: an Oriental Perspective (Syria, Saudi Arabia) /</subfield>
         <subfield code="r">Ahmed Fatima Kzzo --</subfield>
         <subfield code="t">Dealing with the Past at Elba: Ancestors' Cults and Foreign Relations /</subfield>
         <subfield code="r">Fraces Pinnock --</subfield>
         <subfield code="t">Re-Imagining Imaging for Archaeological and Philological Projects /</subfield>
         <subfield code="r">Miller C. Prosser --</subfield>
      </datafield>
      <datafield tag="505" ind1="8" ind2="0">
         <subfield code="t">Dedicated Objects and Memory Construction at the Ištar-Kitītum Temple at Iščāli /</subfield>
         <subfield code="r">Elisa Rossberger --</subfield>
         <subfield code="t">Tell Ingharra-East Kish in the 3rd Millennium BC: Urban Development, Architecture and Functional Analysis /</subfield>
         <subfield code="r">Federico Zaina.</subfield>
         <subfield code="g">[Part 3]</subfield>
         <subfield code="t">Collections at Risk: Sustainable Strategies for Managing Near Eastern Archaeological Collections /</subfield>
         <subfield code="r">edited by Andrew Jamieson.</subfield>
         <subfield code="t">Aks of War: A Digital Museum Inventory for a War-Torn Afghanistan /</subfield>
         <subfield code="r">Michael T. Fisher, Gil J. Stein --</subfield>
         <subfield code="t">Protection Strategies and the National Museum of Aleppo in Times of Conflict /</subfield>
         <subfield code="r">Youssef Kanjou --</subfield>
         <subfield code="t">Syrian Museums under Threat: an Overview /</subfield>
         <subfield code="r">Cheikhmous Ali, Martin Makinson, Philippe Quenet --</subfield>
         <subfield code="t">Quantifying the Problems and Counting the Costs of Near Eastern Archaeological Collections: Five Case-Studies /</subfield>
         <subfield code="r">Dianne Fitzpatrick --</subfield>
         <subfield code="t">Palestinian Archaeological Collections and Lessons of Conflicted Situations /</subfield>
         <subfield code="r">Hamed Salem --</subfield>
         <subfield code="t">Syrian Cultural Heritage in Danger: A Database for the National Museum of Aleppo /</subfield>
         <subfield code="r">Silvia Perini --</subfield>
         <subfield code="t">New Uses for Old Collections: Community and Curriculum Engagement Using Near Eastern Aracheological Collections /</subfield>
         <subfield code="r">Andrew Jamieson --</subfield>
         <subfield code="t">Textiles as Cultural Heritage in Fieldwork and Repositories /</subfield>
         <subfield code="r">Elisabeth Völling.</subfield>
      </datafield>
      <datafield tag="505" ind1="8" ind2="0">
         <subfield code="g">Volume 2.</subfield>
         <subfield code="g">[Part 4.]</subfield>
         <subfield code="t">Egypt and Ancient Near East: Perceptions of Alterity /</subfield>
         <subfield code="r">edited by Susanne Bickel.</subfield>
         <subfield code="t">Lithic Industries and Interregional Trade between Egypt and the Levant during the 4th Millennium BC: a Review of the Evidence /</subfield>
         <subfield code="r">Raphaël Angevin --</subfield>
         <subfield code="t">The Large-Scale Landscape Paintings of Tell el-Dab'a/Egypt /</subfield>
         <subfield code="r">Johannes Becker --</subfield>
         <subfield code="t">When Aegean Wall Paintings Meet Egyptian Architecture: Simulations of Architecture from "Palace G" at Tell el-Dab'a/Egypt /</subfield>
         <subfield code="r">Johannes Jungfleisch --</subfield>
         <subfield code="t">Ethnicity and Archaeological Reality: Material Culture at Tell el-Dab'a during the Late Period /</subfield>
         <subfield code="r">Manuela Lehmann --</subfield>
         <subfield code="t">The Egyptian Presence in Southern Palestine at the Dawn of the Late Bronze Age as Reflected by Pottery Imports /</subfield>
         <subfield code="r">Angela Massafra --</subfield>
         <subfield code="t">Late Antique Tunics with Decorations Reflecting the Egyptian Perceptions of Middle Eastern Exoctic Peoples /</subfield>
         <subfield code="r">Maya Müller --</subfield>
         <subfield code="t">Egyptian Royal Statues and Stelae from Late Bronze Public Buildings in the Southern Levant /</subfield>
         <subfield code="r">Giulia Tucci.</subfield>
         <subfield code="g">[Part 5.]</subfield>
         <subfield code="t">Ancient Near Eastern Traditions vs. Hellenization/Romanization /</subfield>
         <subfield code="r">edited by Bruno Jacobs.</subfield>
         <subfield code="g">Introduction:</subfield>
         <subfield code="t">Ancient Near Eastern Traditions vs. Hellenization/ Romanization /</subfield>
         <subfield code="r">Bruno Jacobs --</subfield>
         <subfield code="t">Ancient Near-Eastern Traditions and Greco-Roman Culture in the Agore of Europos-Doura (Syria) /</subfield>
         <subfield code="r">Gaëlle Coqueugniot --</subfield>
         <subfield code="t">Animal Bone Remains from the Site of Kınık Höyük, Southern Cappadocia, Turkey: Animal Husbandry and Hunting Practices during the Iron Age, Hellenistic, and Medieval Periods /</subfield>
         <subfield code="r">Pam J. Crabtree, Douglas V. Campana --</subfield>
         <subfield code="t">Remembered for Giving: Jewish Benefaction in the Roman World /</subfield>
         <subfield code="r">Carrie Elaine Duncan --</subfield>
         <subfield code="t">Hellenistic Beirut: A City at the Centre of the Mediterranean Strategies /</subfield>
         <subfield code="r">Dina Frangié-Joly --</subfield>
         <subfield code="t">Importation of Attic Pottery to the Levantine Coast during the Persian Period: Case Study: the College Site Sidon /</subfield>
         <subfield code="r">May Haider --</subfield>
      </datafield>
      <datafield tag="505" ind1="8" ind2="0">
         <subfield code="t">Achaemenid and Greek Influence on Lycia during the 6th to 4th Centuries BC /</subfield>
         <subfield code="r">Corinna Hoff --</subfield>
         <subfield code="t">Religious Practices between Local Traditions and Greco-Roman Influences: Music in Religious Ceremonies of the Roman Near East /</subfield>
         <subfield code="r">Amélie Le Bihan --</subfield>
         <subfield code="t">Echoes of Regional Traditions plus Western Typological Influences: Some Notes about the Post-Achaemenid Pottery Assemblage from the Italian Excavations at Qal'a-ye Sam (Iran, Sistan) /</subfield>
         <subfield code="r">Giulio Maresca --</subfield>
         <subfield code="t">Which Language for the Dynastic Message? The Role of the Hellenic Culture in the 4th-Century Lycia /</subfield>
         <subfield code="r">Alessandro Poggio --</subfield>
         <subfield code="t">The Examples of Roman Pottery from Üçtepe in South-East Anatolia /</subfield>
         <subfield code="r">Çilem Uygun --</subfield>
         <subfield code="t">Hellenistic Moldmade Bowls from Phrygia Epiktetos: New Evidence from Dorylaion /</subfield>
         <subfield code="r">Turgay Yaşar Yedidağ.</subfield>
         <subfield code="g">[Part 6.]</subfield>
         <subfield code="t">Reconstructing Ancient Eco-Systems /</subfield>
         <subfield code="r">edited by Jean-Marie Le Tensorer.</subfield>
         <subfield code="t">Reconstructing Ancient Eco-Systems /</subfield>
         <subfield code="r">Jean-Marie Le Tensorer --</subfield>
         <subfield code="t">Mega-Sites' Impact on Central Mesopotamia: Archaeological and Multi-Temporal Cartographic Study of the Al-Mada'in Area /</subfield>
         <subfield code="r">Cristina Bonfanti [and 3 others] --</subfield>
         <subfield code="t">From Site Catchment Analysis to Regional Settlement Pattern Analysis: Making a Regional Map of Environmental Resources' Potential: The Case of Arid Syria /</subfield>
         <subfield code="r">Frank Braemar, Bernard Geyer, Gourguen Davtian --</subfield>
         <subfield code="t">New Approaches in Palaeofauna Reconstruction /</subfield>
         <subfield code="r">Anne Devillers --</subfield>
         <subfield code="t">Eco-Systems or "Socio-Systems"? The Case of the Chalcolithic of the Southern Levant /</subfield>
         <subfield code="r">Ianir Milevski, Bernardo Gandulla, Pablo Jaruf --</subfield>
         <subfield code="t">Assyrian Provincial Life: A Comparison of Botanical and Faunal Remains from Tušhan (Ziyaret Tepe), Southeastern Turkey /</subfield>
         <subfield code="r">Tina L. Greenfield, Melissa S. Rosenzweig --</subfield>
         <subfield code="t">The Relationship between Pins and Textiles in the Carchemish Region during the Early 3rd Millennium BC /</subfield>
         <subfield code="r">Leigh A. Stork.</subfield>
      </datafield>
      <datafield tag="505" ind1="8" ind2="0">
         <subfield code="g">[Part 7.]</subfield>
         <subfield code="t">Islamic Session /</subfield>
         <subfield code="r">edited by Denis Genequand.</subfield>
         <subfield code="t">Qasr Kharana Revisted /</subfield>
         <subfield code="r">Ignacio Arce --</subfield>
         <subfield code="t">Mamluk Glass Workshops in Jerusalem: Marvered Glass /</subfield>
         <subfield code="t">Naama Brosh --</subfield>
         <subfield code="t">Islamic Ceramics from Central and Eastern Oman /</subfield>
         <subfield code="r">Anja R. Dreiser --</subfield>
         <subfield code="t">The Houses of Fusṭāṭ: Beyond Importation and Influence /</subfield>
         <subfield code="r">Matthew Harrison --</subfield>
         <subfield code="t">Byzantine Influence in the Consolidation of Fatimid Jewelry /</subfield>
         <subfield code="r">Ayala Lester --</subfield>
         <subfield code="t">Material Evidence for the Transformation of Late-Umayyad Economies: the Case of Pottery with Applied and "Honeycomb" Decoration from Resafa (North Syria) /</subfield>
         <subfield code="r">Matina Müller-Wiener --</subfield>
         <subfield code="t">New Evidence of Late Sasanid and Early Islamic Period in the Marvdasht Plain /</subfield>
         <subfield code="r">Seyed Abazar Shobairi --</subfield>
         <subfield code="t">Archaeology &amp; Preservation of Early Islamic Jerusalem: Revealing the 7th Century Mosque on the Haram Al-Sharif /</subfield>
         <subfield code="r">Beatrice St. Laurent, Isam Awwad --</subfield>
         <subfield code="t">Dwelling Transformation and Evolution of Customs after the Islamic Conquest in Near Eastern Cities /</subfield>
         <subfield code="r">Apolline Vernet --</subfield>
         <subfield code="t">The Mosques of Mafjar: A Sequence and some Implications for Understanding Qasr Hisham /</subfield>
         <subfield code="r">Donald Whitcomb.</subfield>
      </datafield>
      <datafield tag="505" ind1="8" ind2="0">
         <subfield code="g">Volume 3.</subfield>
         <subfield code="t">Reports /</subfield>
         <subfield code="r">edited by Oskar Kaelin and Hans-Peter Mathys.</subfield>
         <subfield code="g">[Section 1.]</subfield>
         <subfield code="t">Iraq.</subfield>
         <subfield code="t">New light on the Early Archives from Ur: The "Ancient Room" Tablet Hoard /</subfield>
         <subfield code="r">Giacomo Benati, Camille Lecompte --</subfield>
         <subfield code="t">Southern Mesopotamian Contexts and a Reevaluation of the Ur III Pottery: Reconsidering a Chronological Periodization /</subfield>
         <subfield code="r">Eloisa Casadei --</subfield>
         <subfield code="t">Abu Tbeirah: Preliminary Report of the 2012-2013 Campaigns /</subfield>
         <subfield code="r">Franco D'Agostino, Ali Khadem Ghanim, Licia Romano --</subfield>
         <subfield code="t">Tell Sakhariya and Gaeš /</subfield>
         <subfield code="r">Paul Zimansky, Elizabeth Stone.</subfield>
         <subfield code="g">[Section 2.]</subfield>
         <subfield code="t">Iraq (Kurdistan).</subfield>
         <subfield code="t">. A Preliminary Assessment of the Ceramic Sequence of Northeastern Iraqi Kurdistan /</subfield>
         <subfield code="r">Kyra Kaercher --</subfield>
         <subfield code="t">Excavations in the Lower Town of Ziyaret Tepe 2012 and 2013 /</subfield>
         <subfield code="r">John MacGinnis, Timothy Matney, Kemalettin Köroğlu --</subfield>
         <subfield code="t">The Medieval Urban Landscape in Northeastern Mesopotamia (MULINEM): First Two Years of the Project /</subfield>
         <subfield code="r">Karel Nováček, Miroslave Melčák --</subfield>
         <subfield code="t">French Excavations in Qasr Shemamok, Iraqi Kurdistan (2013 and 2014 campaigns): the Assyrian Town and Beyond /</subfield>
         <subfield code="r">Maria Grazia Masetti-Rouault, Olivier Rouault --</subfield>
         <subfield code="t">Initial Results of the Sirwan (Upper Diyala) Region Project /</subfield>
         <subfield code="r">Tevfik Emre Şerifoğlu [and 3 others] --</subfield>
         <subfield code="t">First Results of the Rania Plain Survey: Salvage Operations in the Dokan Dam Inundation Zone /</subfield>
         <subfield code="r">Tim B.B. Skuldbøl, Carlo Colantoni --</subfield>
         <subfield code="t">Kunara, a Bronze Age City on the Upper Tanjaro (Iraq) /</subfield>
         <subfield code="r">Aline Tenu, Christine Kepinski.</subfield>
         <subfield code="g">[Section 3.]</subfield>
         <subfield code="t">Syria.</subfield>
         <subfield code="t">Consumption in a Temple? An Interpretation of the Ceramic Repertoire of the Early Bronze Age Temple at Tell Ahmar (North Syria) /</subfield>
         <subfield code="r">Cristina Baccarin --</subfield>
         <subfield code="t">Characterizing Red Ware: More than a Single Production at Tell Halula (Syria) at the End of the Halaf Period /</subfield>
         <subfield code="r">Ana Gómez Bach --</subfield>
         <subfield code="t">A 3rd Millennium Temple at Tell Ahmar (Syria) /</subfield>
         <subfield code="r">Guy Bunnens --</subfield>
      </datafield>
      <datafield tag="505" ind1="8" ind2="0">
         <subfield code="a">New Data from Old Excavations: Preliminary Study of the EB IVB Pottery from Area H at Tell Mardikh/Ebla, Syria /</subfield>
         <subfield code="r">Marta D'Andrea --</subfield>
         <subfield code="t">The LBA pottery of Area BU in the Royal Palace of Qatna, Syria /</subfield>
         <subfield code="r">Stephanie Döpper --</subfield>
         <subfield code="t">Historical Processes on the Middle Khabur River, Syria, during the Late Ubaid: Intrusion, Attenuation and Divergence /</subfield>
         <subfield code="r">Frank Hole --</subfield>
         <subfield code="t">Panneaux d'incrustation en coquille de Mari, Ville II: implications des matériaux et des techniques /</subfield>
         <subfield code="r">Béatrice Muller --</subfield>
         <subfield code="t">Seals and Sealings from Tell Masaikh-Kar-Assurnasirpal: Some New Results /</subfield>
         <subfield code="r">Paola Poli --</subfield>
         <subfield code="t">New Data on the EB III-IVA1 of North-Western Syria in the light of Old and Recent Excavations at Tell Mardikh/Ebla and Tell Tuqan /</subfield>
         <subfield code="r">Agnesse Vacca.</subfield>
         <subfield code="g">[Section 4.]</subfield>
         <subfield code="t">Turkey.</subfield>
         <subfield code="t">The Early Iron Age Jewellery from the Karagündüz Necropolis in Eastern Anatolia and Its Relationship to Southern Caucasia /</subfield>
         <subfield code="r">Gulan Ayaz --</subfield>
         <subfield code="t">Gold Cloisonné from the Assyrian Colony Period in Central Anatolia /</subfield>
         <subfield code="r">Alice Boccia Paterakis, Sachihiro Omura --</subfield>
         <subfield code="t">An Intact Palace Kitchen Context from Middle Bronze Age Alalakh: Organization and Function /</subfield>
         <subfield code="r">Müge Bulu --</subfield>
         <subfield code="t">Middle and Neo-Assyrian Periods of the Harran Plain in Light of a Survey /</subfield>
         <subfield code="r">Nilgün Coşkun --</subfield>
         <subfield code="t">Researches at Uşaklı Höyük (Central Turkey): Survey, Surface Scraping and First Digging Operations /</subfield>
         <subfield code="r">Anacleto D'Agostino, Valentina Orsi --</subfield>
         <subfield code="t">A New Centre of Intercultural Relations in Western Anatolia during the Late Bronze Age: Çine-Tepecik /</subfield>
         <subfield code="r">Sevinç Günel --</subfield>
         <subfield code="t">The Iron Age at Karkemish between Tradition and Innovation: The Case Study of the Pottery Assemblage from Area C /</subfield>
         <subfield code="r">Sara Pizzimenti, Federico Zaina.</subfield>
      </datafield>
      <datafield tag="505" ind1="8" ind2="0">
         <subfield code="g">[Section 5.]</subfield>
         <subfield code="t">Iran.</subfield>
         <subfield code="t">t Discovery of Long Term Occupation in the Saimarreh River Valley, Western Iran (Report on the Archaeological Survey) /</subfield>
         <subfield code="r">Rasoul Seyedin Boroujeni, Saman Hamzavi Zarghani, Mohsen Zeidi --</subfield>
         <subfield code="t">A WebGIS about the Italian Archaeological Activities in Sistan, Iran (60s-70s of the 20th century): Archaeo.Pro.Di.Mu.S. /</subfield>
         <subfield code="r">Enzo Cocca [and 4 others] --</subfield>
         <subfield code="t">Esotericism at Persepolis: Really? /</subfield>
         <subfield code="r">Nicolas Assur Corfù --</subfield>
         <subfield code="t">A Comparative Study of the New Sassanid's Stuccos from Qela Gowri, Ramavand, Lorestan, Iran /</subfield>
         <subfield code="r">Ata Hasanpur, Zahra Hashemi --</subfield>
         <subfield code="t">An Introduction to the Traditional Arch and Vault from the Elamite (1250 BC. M) to the Qajar period (1925) in Iran /</subfield>
         <subfield code="r">Najmeh Hassas --</subfield>
         <subfield code="t">The Religious Complex at Shami: Preliminary Report on the Research of the Iranian-Italian Join Expedition in Khuzestan at Kal-e Chendar /</subfield>
         <subfield code="r">Vita Messina, Jafar Mehr Kian.</subfield>
         <subfield code="g">[Section 6.]</subfield>
         <subfield code="t">Israel, Lebanon, Levant.</subfield>
         <subfield code="t">Sedentary and Nomadic Population during Bronze Age Southern Levant: An Example of Cultural Contacts /</subfield>
         <subfield code="r">Eva Katarina Glazer --</subfield>
         <subfield code="t">Analyzing the Late Bronze Age Imported Pottery Distribution in the Southern Levant: Overcoming Methodological Challenges /</subfield>
         <subfield code="r">Aaron Greener --</subfield>
         <subfield code="t">Understanding Early Bronze Age Urban Patterns from the Perspective of Non-Elite Neighbourhood: The Excavations at Tell es-Safi/Gath, Israel /</subfield>
         <subfield code="r">Haskel J. Greenfield, Itzhaq Shai, Aren M. Maeir --</subfield>
         <subfield code="t">Total Archaeology@ Tel Akko (The 2013 and 2014 Season): Excavation, Survey, Community Outreach and New Approaches to Landscape Archaeology in 3D /</subfield>
         <subfield code="r">Ann E. Killebrew, Jamie Quartermaine --</subfield>
         <subfield code="t">L'industrie lithique de Tell 'Arqa (Plaine du Akkar, Liban Nord) /</subfield>
         <subfield code="r">Florine Marchand.</subfield>
      </datafield>
      <datafield tag="505" ind1="8" ind2="0">
         <subfield code="g">[Section 7.]</subfield>
         <subfield code="t">Jordan.</subfield>
         <subfield code="t">Aqueducts and Birkets: New Evidence of the Water Management System Servicing Gerasa (Jarash), Jordan /</subfield>
         <subfield code="r">Don Boyer --</subfield>
         <subfield code="t">Pottery Production at Khirbat Iskandar, Jordan: Preliminary Results of the Technological Study of EB IV Pottery from the Site /</subfield>
         <subfield code="r">Marta D'Andrea --</subfield>
         <subfield code="t">Slab-lined Feline Representations: New Findings at 'Awja 1, a Late Neolithic Open-air Sanctuary in Southermost Jordan /</subfield>
         <subfield code="r">Sumio Fujii --</subfield>
         <subfield code="t">Tell Damiyah: A Small Settlement Mound with a Remarkable International Role /</subfield>
         <subfield code="r">Lucas Petit --</subfield>
         <subfield code="t">The New Spanish-Italian Expedition to the EB I site of Jebel al-Mutawwaq, Middle Wadi az-Zarqa, Jordan: Preliminary Results of the 2012-2013 Campaigns /</subfield>
         <subfield code="r">Andrea Polcaro, Juan Muñiz, Valentín Alvarez --</subfield>
         <subfield code="t">Recent Excavations at Khirbat Iskandar, Jordan: The EB III/IV Fortifications /</subfield>
         <subfield code="r">Suzanne Richard.</subfield>
         <subfield code="g">[Section 8.]</subfield>
         <subfield code="t">Uzbekistan, Turkmenistan, Afghanistan.</subfield>
         <subfield code="t">L'âge du fer au Dehistan: Nouvelles recherches archéologiques turkmènes et espangnoles sur les sites de Geoktchik Depe et Izat Kuli (Province de Balkan, Turkménistan) /</subfield>
         <subfield code="r">Joaquín María Córdoba, Muhammed Mamedov --</subfield>
         <subfield code="t">Pottery from the joint Uzbek-Italian Archaeological Mission at Kojtepa (Samarkand Area, Uzbekistan) /</subfield>
         <subfield code="r">Fabiana Raiano --</subfield>
         <subfield code="t">Types of Graves at Gonur Depe Bonze Age Site in Turkmenistan /</subfield>
         <subfield code="r">Victor Sarianidi, Nadezhda Dubova --</subfield>
         <subfield code="t">Wood Using at the Bronze Age Site Gonur-Depe (Ancient Margiana, South Turkmenistan) /</subfield>
         <subfield code="r">Liliya Sataeva, Robert Sataev --</subfield>
         <subfield code="t">Afghanistan: Ancient Mining and Metallurgy: Initial Project Stage /</subfield>
         <subfield code="r">Judith Thomalsky.</subfield>
         <subfield code="g">[Section 9.]</subfield>
         <subfield code="t">Oman.</subfield>
         <subfield code="t">Excavations at the Early Bronze Age Site "ST1" near Bisya (Sultanate of Oman): Notes on the Architecture and Material Culture /</subfield>
         <subfield code="r">Michel Degli Esposti --</subfield>
         <subfield code="t">Expressions of Collective Memory: The Reuse of EBA Tombs in the Necropolis of Bāt, Sultanate of Oman /</subfield>
         <subfield code="r">Stephanie Döpper --</subfield>
      </datafield>
      <datafield tag="505" ind1="8" ind2="0">
         <subfield code="t">Mobile Pastoralists as Global Players: Excavations at Al-Zebah, Sultanate of Oman /</subfield>
         <subfield code="r">Conrad Schmidt.</subfield>
         <subfield code="g">[Section 10.]</subfield>
         <subfield code="t">Azerbaijan, Georgia, Caucasus-Region.</subfield>
         <subfield code="t">Archaeological Investigations at Piboz Tapa Necropolis: Lerik, Southern Azerbaijan (Preliminary Report 2012-2013) /</subfield>
         <subfield code="r">Jeyhun Eminli, Emil Iskenderov --</subfield>
         <subfield code="t">Chipped Stone Technology of the Earliest Agricultural Village in the Southern Caucasus: Hacı Elamxanlı Tepe (the Beginning of the 6th Millennium BC) /</subfield>
         <subfield code="r">Seiji Kadowaki, Farhad Guliyev, Yoshihiro Nishiaki --</subfield>
         <subfield code="t">Interdisciplinary Studies on the Small Finds from the Late Bronze/Early Iron Age Settlements of Udabno I-III (Eastern Georgia) /</subfield>
         <subfield code="r">René Kunze.</subfield>
         <subfield code="g">[Section 11.]</subfield>
         <subfield code="t">General Topics.</subfield>
         <subfield code="t">Researching the Archives: A Shared Past for the Future: The GRISSO Project /</subfield>
         <subfield code="r">Silvia Alaura, Davide Nadali --</subfield>
         <subfield code="t">Ein Inventar dur Hügelgräber im Altaigebirge: Kulturgüterschutz durch Fernerkundung /</subfield>
         <subfield code="r">Gino Caspari --</subfield>
         <subfield code="t">La construction d'un char de guerre néo-assyrien /</subfield>
         <subfield code="r">Fabrice De Backer --</subfield>
         <subfield code="t">Astronomical Data and their Potential for Chronological Purposes /</subfield>
         <subfield code="r">Rita Gautschy --</subfield>
         <subfield code="t">Šamšī-Adad V's Campaigns into the Zagros Revisited /</subfield>
         <subfield code="r">Krzysztop Hipp --</subfield>
         <subfield code="t">Conserver après la fouille: la question des structures en terre crue à partir d'exemples en Asie centrale /</subfield>
         <subfield code="r">Chamsia Sadozaï, David Gandreau.</subfield>
      </datafield>
      <datafield tag="651" ind1=" " ind2="0">
         <subfield code="a">Middle East</subfield>
         <subfield code="x">Antiquities</subfield>
         <subfield code="v">Congresses.</subfield>
      </datafield>
      <datafield tag="650" ind1=" " ind2="0">
         <subfield code="a">Excavations (Archaeology)</subfield>
         <subfield code="z">Middle East</subfield>
         <subfield code="v">Congresses.</subfield>
      </datafield>
      <datafield tag="651" ind1=" " ind2="0">
         <subfield code="a">Middle East</subfield>
         <subfield code="x">Civilization</subfield>
         <subfield code="y">To 622</subfield>
         <subfield code="v">Congresses.</subfield>
      </datafield>
      <datafield tag="OWN" ind1=" " ind2=" ">
         <subfield code="a">GENERAL</subfield>
      </datafield>
      <datafield tag="AVA" ind1=" " ind2=" ">
         <subfield code="a">NYU50</subfield>
         <subfield code="b">BOBST</subfield>
         <subfield code="c">Main Collection</subfield>
         <subfield code="d">DS56 .I56 2014</subfield>
         <subfield code="e">check_holdings</subfield>
         <subfield code="t">Check Holdings</subfield>
         <subfield code="h">Y</subfield>
         <subfield code="j">MAIN</subfield>
         <subfield code="k">0</subfield>
      </datafield>
      <datafield tag="AVA" ind1=" " ind2=" ">
         <subfield code="a">NYU50</subfield>
         <subfield code="b">NISAW</subfield>
         <subfield code="c">Small Collection</subfield>
         <subfield code="d">DS56 .I56 2014 Non-circulating</subfield>
         <subfield code="e">available</subfield>
         <subfield code="t">Available</subfield>
         <subfield code="f">3</subfield>
         <subfield code="g">0</subfield>
         <subfield code="h">Y</subfield>
         <subfield code="i">0</subfield>
         <subfield code="j">SMALL</subfield>
         <subfield code="k">0</subfield>
      </datafield>
      <marc:datafield tag="852" ind1=" " ind2=" ">
         <marc:subfield code="b">Institute for the Study of the Ancient World, </marc:subfield>
         <marc:subfield code="c">Small Collection</marc:subfield>
         <marc:subfield code="e">15 East 84th St., </marc:subfield>
         <marc:subfield code="e">New York, NY  10028</marc:subfield>
      </marc:datafield>
   </record>