
  
  
  
  
  
  
  
  
  
  
  
  
  
 
  
  <record xsi:schemaLocation="http://www.loc.gov/MARC21/slim http://www.loc.gov/standards/marcxml/schema/MARC21slim.xsd">
      <leader>00000cam a2200793 a 4500</leader>
      <controlfield tag="FMT">BK</controlfield>
      <controlfield tag="LDR">00000cam a2200793 a 4500</controlfield>
      <controlfield tag="001">002614927</controlfield>
      <controlfield tag="003">OCoLC</controlfield>
      <controlfield tag="005">20170213141357.0</controlfield>
      <controlfield tag="008">750415m19629999enka     bc   001 0 eng</controlfield>
      <datafield tag="010" ind1=" " ind2=" ">
         <subfield code="a">75309671</subfield>
      </datafield>
      <datafield tag="015" ind1=" " ind2=" ">
         <subfield code="a">GB6208860</subfield>
         <subfield code="2">bnb</subfield>
      </datafield>
      <datafield tag="016" ind1="7" ind2=" ">
         <subfield code="a">002223348</subfield>
         <subfield code="2">Uk</subfield>
      </datafield>
      <datafield tag="020" ind1=" " ind2=" ">
         <subfield code="a">071411104X</subfield>
         <subfield code="q">(v. 1, pt. 2)</subfield>
      </datafield>
      <datafield tag="020" ind1=" " ind2=" ">
         <subfield code="a">0714111201</subfield>
         <subfield code="q">(v. 1, pt. 3)</subfield>
      </datafield>
      <datafield tag="020" ind1=" " ind2=" ">
         <subfield code="a">9780714111209</subfield>
         <subfield code="q">(v. 1, pt. 3)</subfield>
      </datafield>
      <datafield tag="020" ind1=" " ind2=" ">
         <subfield code="a">9780714111308</subfield>
         <subfield code="q">(v. 1, pt. 4)</subfield>
      </datafield>
      <datafield tag="020" ind1=" " ind2=" ">
         <subfield code="a">0714111309</subfield>
         <subfield code="q">(v. 1, pt. 4)</subfield>
      </datafield>
      <datafield tag="020" ind1=" " ind2=" ">
         <subfield code="a">0714111473</subfield>
         <subfield code="q">(v. 1, pt. 5)</subfield>
      </datafield>
      <datafield tag="020" ind1=" " ind2=" ">
         <subfield code="a">9780714111476</subfield>
         <subfield code="q">(v. 1, pt. 5)</subfield>
      </datafield>
      <datafield tag="020" ind1=" " ind2=" ">
         <subfield code="a">0714111589</subfield>
         <subfield code="q">(v. 1, pt. 6)</subfield>
      </datafield>
      <datafield tag="020" ind1=" " ind2=" ">
         <subfield code="a">9780714111582</subfield>
         <subfield code="q">(v. 1, pt. 6)</subfield>
      </datafield>
      <datafield tag="020" ind1=" " ind2=" ">
         <subfield code="a">0714110086</subfield>
         <subfield code="q">(v. 2, pt. 2)</subfield>
      </datafield>
      <datafield tag="020" ind1=" " ind2=" ">
         <subfield code="a">9780714110080</subfield>
         <subfield code="q">(v. 2, pt. 2)</subfield>
      </datafield>
      <datafield tag="020" ind1=" " ind2=" ">
         <subfield code="a">9789004156159</subfield>
         <subfield code="q">(v. 2, pt. 3)</subfield>
      </datafield>
      <datafield tag="020" ind1=" " ind2=" ">
         <subfield code="a">9004156151</subfield>
         <subfield code="q">(v. 2, pt. 3)</subfield>
      </datafield>
      <datafield tag="020" ind1=" " ind2=" ">
         <subfield code="a">071411104X</subfield>
      </datafield>
      <datafield tag="020" ind1=" " ind2=" ">
         <subfield code="a">9780714111049</subfield>
      </datafield>
      <datafield tag="035" ind1=" " ind2=" ">
         <subfield code="a">(OCoLC)329699</subfield>
         <subfield code="z">(OCoLC)3091042</subfield>
         <subfield code="z">(OCoLC)27708211</subfield>
         <subfield code="z">(OCoLC)223152361</subfield>
         <subfield code="z">(OCoLC)962539985</subfield>
      </datafield>
      <datafield tag="040" ind1=" " ind2=" ">
         <subfield code="a">DLC</subfield>
         <subfield code="b">eng</subfield>
         <subfield code="c">DLC</subfield>
         <subfield code="d">UKM</subfield>
         <subfield code="d">BAKER</subfield>
         <subfield code="d">BTCTA</subfield>
         <subfield code="d">YDXCP</subfield>
         <subfield code="d">JPG</subfield>
         <subfield code="d">AU@</subfield>
         <subfield code="d">OCLCQ</subfield>
         <subfield code="d">UKMGB</subfield>
         <subfield code="d">OCLCO</subfield>
         <subfield code="d">OCLCA</subfield>
         <subfield code="d">OCLCF</subfield>
         <subfield code="d">OCLCQ</subfield>
         <subfield code="d">ZYU</subfield>
      </datafield>
      <datafield tag="043" ind1=" " ind2=" ">
         <subfield code="a">aw-----</subfield>
         <subfield code="a">e-uk-en</subfield>
         <subfield code="a">a-iq---</subfield>
         <subfield code="a">a-ir---</subfield>
      </datafield>
      <datafield tag="050" ind1="0" ind2="0">
         <subfield code="a">CD5344</subfield>
         <subfield code="b">.B74 1969</subfield>
      </datafield>
      <datafield tag="079" ind1=" " ind2=" ">
         <subfield code="a">(OCoLC)329699</subfield>
      </datafield>
      <datafield tag="082" ind1="0" ind2="0">
         <subfield code="a">737/.6</subfield>
      </datafield>
      <datafield tag="110" ind1="2" ind2=" ">
         <subfield code="a">British Museum.</subfield>
         <subfield code="b">Department of Western Asiatic Antiquities.</subfield>
      </datafield>
      <datafield tag="245" ind1="1" ind2="0">
         <subfield code="a">Catalogue of the Western Asiatic seals in the British Museum.</subfield>
      </datafield>
      <datafield tag="260" ind1=" " ind2=" ">
         <subfield code="a">London :</subfield>
         <subfield code="b">Trustees of the British Museum,</subfield>
         <subfield code="c">1962-&lt;c2016&gt;</subfield>
      </datafield>
      <datafield tag="300" ind1=" " ind2=" ">
         <subfield code="a">&lt;volumes 1-2 in 8&gt; :</subfield>
         <subfield code="b">illustrations ;</subfield>
         <subfield code="c">29 cm</subfield>
      </datafield>
      <datafield tag="336" ind1=" " ind2=" ">
         <subfield code="a">text</subfield>
         <subfield code="b">txt</subfield>
         <subfield code="2">rdacontent</subfield>
      </datafield>
      <datafield tag="336" ind1=" " ind2=" ">
         <subfield code="a">still image</subfield>
         <subfield code="b">sti</subfield>
         <subfield code="2">rdacontent</subfield>
      </datafield>
      <datafield tag="337" ind1=" " ind2=" ">
         <subfield code="a">unmediated</subfield>
         <subfield code="b">n</subfield>
         <subfield code="2">rdamedia</subfield>
      </datafield>
      <datafield tag="338" ind1=" " ind2=" ">
         <subfield code="a">volume</subfield>
         <subfield code="b">nc</subfield>
         <subfield code="2">rdacarrier</subfield>
      </datafield>
      <datafield tag="500" ind1=" " ind2=" ">
         <subfield code="a">Vol. 2, pt. 3 published: Leiden &amp; Boston: Brill, 2008.</subfield>
      </datafield>
      <datafield tag="504" ind1=" " ind2=" ">
         <subfield code="a">Includes bibliographical references and index.</subfield>
      </datafield>
      <datafield tag="505" ind1="0" ind2="0">
         <subfield code="g">[v. 1., pt. 1].</subfield>
         <subfield code="t">Cylinder seals : Uruk, Early Dynastic Periods /</subfield>
         <subfield code="r">D.J. Wiseman --</subfield>
         <subfield code="g">[v. 1., pt. 2].</subfield>
         <subfield code="t">Cylinder seals II : Akkadian, Post Akkadian, Ur III periods /</subfield>
         <subfield code="r">Dominique Collon --</subfield>
         <subfield code="g">[v. 1., pt. 3].</subfield>
         <subfield code="t">Cylinder seals III : Isin-Larsa and Old Babylonian periods /</subfield>
         <subfield code="r">Dominique Collon ; with contributions by Margaret Sax and C.B.F. Walker --</subfield>
         <subfield code="g">[v. 1., pt. 4].</subfield>
         <subfield code="t">Cylinder seals IV : the second millennium BC beyond Babylon /</subfield>
         <subfield code="r">Edith Porada and Dominique Collon, with contributions by Margaret Sax, W.G. Lambert and Jonathan Taylor --</subfield>
         <subfield code="g">[v.1., pt. 5].</subfield>
         <subfield code="t">Cylinder seals V : Neo-Assyrian and Neo-Babylonian periods /</subfield>
         <subfield code="r">Dominique Collon ; with contributions by Margaret Sax and C.B.F. Walker --</subfield>
         <subfield code="g">[v.1., pt. 6].</subfield>
         <subfield code="t">Cylinder seals VI : Pre-Achaemenid and Achaemenid periods /</subfield>
         <subfield code="r">Parvine H. Merrillees ; with a contribution by Margaret Sax.</subfield>
         <subfield code="g">[v. 2., pt. 1]</subfield>
         <subfield code="t">Stamp seals: Prehistoric to Parthian periods /</subfield>
         <subfield code="r">T.C. Mitchell --</subfield>
         <subfield code="g">[v. 2., pt. 2]</subfield>
         <subfield code="t">Stamp seals: Sassanian Dynasty /</subfield>
         <subfield code="r">A.D.H. Bivar --</subfield>
         <subfield code="g">[v. 2, pt. 3]</subfield>
         <subfield code="t">Stamp seals III : impressions of stamp seals on cuneiform tablets, clay bullae, and jar handles /</subfield>
         <subfield code="r">T.C. Mitchell and Ann Searight.</subfield>
      </datafield>
      <datafield tag="530" ind1=" " ind2=" ">
         <subfield code="a">Also issued online.</subfield>
      </datafield>
      <datafield tag="500" ind1=" " ind2=" ">
         <subfield code="a">ISAW copy is from the library of Robert D. Biggs.</subfield>
         <subfield code="5">NyNyUAW</subfield>
      </datafield>
      <datafield tag="650" ind1=" " ind2="0">
         <subfield code="a">Seals (Numismatics)</subfield>
         <subfield code="z">Middle East</subfield>
         <subfield code="v">Catalogs.</subfield>
      </datafield>
      <datafield tag="651" ind1=" " ind2="0">
         <subfield code="a">Middle East</subfield>
         <subfield code="x">Antiquities</subfield>
         <subfield code="v">Catalogs.</subfield>
      </datafield>
      <datafield tag="610" ind1="2" ind2="0">
         <subfield code="a">British Museum.</subfield>
         <subfield code="b">Department of Western Asiatic Antiquities.</subfield>
      </datafield>
      <datafield tag="610" ind1="2" ind2="7">
         <subfield code="a">British Museum.</subfield>
         <subfield code="b">Department of Western Asiatic Antiquities.</subfield>
         <subfield code="2">fast</subfield>
         <subfield code="0">(OCoLC)fst01809709</subfield>
      </datafield>
      <datafield tag="650" ind1=" " ind2="7">
         <subfield code="a">Seals (Numismatics)</subfield>
         <subfield code="2">fast</subfield>
         <subfield code="0">(OCoLC)fst01110321</subfield>
      </datafield>
      <datafield tag="651" ind1=" " ind2="7">
         <subfield code="a">Middle East.</subfield>
         <subfield code="2">fast</subfield>
         <subfield code="0">(OCoLC)fst01241586</subfield>
      </datafield>
      <datafield tag="700" ind1="1" ind2=" ">
         <subfield code="a">Wiseman, D. J.</subfield>
         <subfield code="q">(Donald John)</subfield>
      </datafield>
      <datafield tag="700" ind1="1" ind2=" ">
         <subfield code="a">Collon, Dominique.</subfield>
      </datafield>
      <datafield tag="700" ind1="1" ind2=" ">
         <subfield code="a">Porada, Edith,</subfield>
         <subfield code="d">1912-1994.</subfield>
      </datafield>
      <datafield tag="700" ind1="1" ind2=" ">
         <subfield code="a">Merrillees, Parvine H.</subfield>
      </datafield>
      <datafield tag="700" ind1="1" ind2=" ">
         <subfield code="a">Mitchell, T. C.</subfield>
      </datafield>
      <datafield tag="700" ind1="1" ind2=" ">
         <subfield code="a">Bivar, A. D. H.</subfield>
      </datafield>
      <datafield tag="700" ind1="1" ind2=" ">
         <subfield code="a">Searight, Ann.</subfield>
      </datafield>
      <datafield tag="700" ind1="1" ind2=" ">
         <subfield code="a">Biggs, Robert D.,</subfield>
         <subfield code="e">former owner.</subfield>
         <subfield code="5">NyNyUAW</subfield>
      </datafield>
      <datafield tag="740" ind1="0" ind2=" ">
         <subfield code="a">Biggs Collection.</subfield>
         <subfield code="5">NyNyUAW</subfield>
      </datafield>
      <datafield tag="776" ind1="0" ind2="8">
         <subfield code="i">Online version:</subfield>
         <subfield code="a">British Museum. Department of Western Asiatic Antiquities.</subfield>
         <subfield code="t">Catalogue of the Western Asiatic seals in the British Museum.</subfield>
         <subfield code="d">London : Trustees of the British Museum, 1962-&lt;c2005&gt;</subfield>
         <subfield code="w">(OCoLC)561325232</subfield>
      </datafield>
      <datafield tag="OWN" ind1=" " ind2=" ">
         <subfield code="a">GENERAL</subfield>
      </datafield>
      <datafield tag="950" ind1=" " ind2=" ">
         <subfield code="l">IFAM</subfield>
         <subfield code="a">CD5210</subfield>
         <subfield code="b">.B6</subfield>
         <subfield code="f">ARCHON</subfield>
         <subfield code="i">09/29/86 RA</subfield>
         <subfield code="h">09/04/86 C</subfield>
         <subfield code="h">07/29/85 RA</subfield>
         <subfield code="h">07/25/85 C</subfield>
         <subfield code="h">01/12/84 RA</subfield>
         <subfield code="h">05/27/82 C 495:sl ARCHON main entry</subfield>
      </datafield>
      <datafield tag="955" ind1=" " ind2=" ">
         <subfield code="l">IFAM</subfield>
         <subfield code="c">1:v.1,pt.1</subfield>
         <subfield code="s">Paper--acidic, still secure. Library bound.</subfield>
         <subfield code="h">05/27/82 C</subfield>
      </datafield>
      <datafield tag="955" ind1=" " ind2=" ">
         <subfield code="l">IFAM</subfield>
         <subfield code="c">1:v.1,pt.2</subfield>
         <subfield code="h">01/12/84 C</subfield>
      </datafield>
      <datafield tag="955" ind1=" " ind2=" ">
         <subfield code="l">IFAM</subfield>
         <subfield code="c">1:v.2,pt.2</subfield>
         <subfield code="h">01/12/84 C</subfield>
      </datafield>
      <datafield tag="955" ind1=" " ind2=" ">
         <subfield code="l">IFAM</subfield>
         <subfield code="c">1:v.1, pt.3</subfield>
         <subfield code="h">08/18/86 C</subfield>
      </datafield>
      <datafield tag="AVA" ind1=" " ind2=" ">
         <subfield code="a">NYU50</subfield>
         <subfield code="b">BOBST</subfield>
         <subfield code="c">Main Collection</subfield>
         <subfield code="d">CD5210 .B6</subfield>
         <subfield code="e">available</subfield>
         <subfield code="t">Available</subfield>
         <subfield code="f">1</subfield>
         <subfield code="g">0</subfield>
         <subfield code="h">Y</subfield>
         <subfield code="i">7</subfield>
         <subfield code="j">MAIN</subfield>
         <subfield code="k">0</subfield>
      </datafield>
      <datafield tag="AVA" ind1=" " ind2=" ">
         <subfield code="a">NYU50</subfield>
         <subfield code="b">NIFA</subfield>
         <subfield code="c">Main Collection</subfield>
         <subfield code="d">CD5210 .B6 Non-circulating</subfield>
         <subfield code="e">available</subfield>
         <subfield code="t">Available</subfield>
         <subfield code="f">6</subfield>
         <subfield code="g">0</subfield>
         <subfield code="h">Y</subfield>
         <subfield code="i">0</subfield>
         <subfield code="j">MAIN</subfield>
         <subfield code="k">0</subfield>
      </datafield>
      <datafield tag="AVA" ind1=" " ind2=" ">
         <subfield code="a">NYU50</subfield>
         <subfield code="b">NISAW</subfield>
         <subfield code="c">Large Collection</subfield>
         <subfield code="d">CD5210.G7 L66 1962 Non-circulating</subfield>
         <subfield code="e">available</subfield>
         <subfield code="t">Available</subfield>
         <subfield code="f">8</subfield>
         <subfield code="g">0</subfield>
         <subfield code="h">Y</subfield>
         <subfield code="i">0</subfield>
         <subfield code="j">LARGE</subfield>
         <subfield code="k">0</subfield>
      </datafield>
      <marc:datafield tag="852" ind1=" " ind2=" ">
         <marc:subfield code="b">Institute for the Study of the Ancient World, </marc:subfield>
         <marc:subfield code="c">Large Collection</marc:subfield>
         <marc:subfield code="e">15 East 84th St., </marc:subfield>
         <marc:subfield code="e">New York, NY  10028</marc:subfield>
      </marc:datafield>
   </record>