
  
  
  
  
  
  
  
  
  
  
 
  
  <record xsi:schemaLocation="http://www.loc.gov/MARC21/slim http://www.loc.gov/standards/marcxml/schema/MARC21slim.xsd">
      <leader>00000cam a2200577 i 4500</leader>
      <controlfield tag="FMT">BK</controlfield>
      <controlfield tag="LDR">00000cam a2200577 i 4500</controlfield>
      <controlfield tag="001">004546397</controlfield>
      <controlfield tag="003">OCoLC</controlfield>
      <controlfield tag="005">20170106162755.0</controlfield>
      <controlfield tag="008">170106t20152015enkab    b    000 0 eng</controlfield>
      <datafield tag="010" ind1=" " ind2=" ">
         <subfield code="a">2015020276</subfield>
      </datafield>
      <datafield tag="020" ind1=" " ind2=" ">
         <subfield code="a">9781785701436</subfield>
         <subfield code="q">hardcover</subfield>
      </datafield>
      <datafield tag="020" ind1=" " ind2=" ">
         <subfield code="a">1785701436</subfield>
         <subfield code="q">hardcover</subfield>
      </datafield>
      <datafield tag="024" ind1="8" ind2=" ">
         <subfield code="a">40025457230</subfield>
      </datafield>
      <datafield tag="035" ind1=" " ind2=" ">
         <subfield code="a">(OCoLC)912507688</subfield>
         <subfield code="z">(OCoLC)910334663</subfield>
         <subfield code="z">(OCoLC)910535859</subfield>
      </datafield>
      <datafield tag="040" ind1=" " ind2=" ">
         <subfield code="a">DLC</subfield>
         <subfield code="e">rda</subfield>
         <subfield code="b">eng</subfield>
         <subfield code="c">DLC</subfield>
         <subfield code="d">YDX</subfield>
         <subfield code="d">YDXCP</subfield>
         <subfield code="d">BTCTA</subfield>
         <subfield code="d">OCLCO</subfield>
         <subfield code="d">YUS</subfield>
         <subfield code="d">CHVBK</subfield>
         <subfield code="d">ZYU</subfield>
      </datafield>
      <datafield tag="041" ind1="0" ind2=" ">
         <subfield code="a">eng</subfield>
         <subfield code="b">ara</subfield>
      </datafield>
      <datafield tag="042" ind1=" " ind2=" ">
         <subfield code="a">pcc</subfield>
      </datafield>
      <datafield tag="043" ind1=" " ind2=" ">
         <subfield code="a">a-sy---</subfield>
      </datafield>
      <datafield tag="050" ind1="0" ind2="0">
         <subfield code="a">DS99.J283</subfield>
         <subfield code="b">P45 2015</subfield>
      </datafield>
      <datafield tag="079" ind1=" " ind2=" ">
         <subfield code="a">(OCoLC)912507688</subfield>
      </datafield>
      <datafield tag="082" ind1="0" ind2="0">
         <subfield code="a">939.4/33</subfield>
         <subfield code="2">23</subfield>
      </datafield>
      <datafield tag="100" ind1="1" ind2=" ">
         <subfield code="a">Peltenburg, E. J.,</subfield>
         <subfield code="e">author.</subfield>
      </datafield>
      <datafield tag="245" ind1="1" ind2="0">
         <subfield code="a">Tell Jerablus Tahtani, Syria, I :</subfield>
         <subfield code="b">mortuary practices at an early Bronze Age fort on the Euphrates River /</subfield>
         <subfield code="c">Edgar Peltenburg ; with contributions by Diane Bolger [and twenty others].</subfield>
      </datafield>
      <datafield tag="264" ind1=" " ind2="1">
         <subfield code="a">Oxford ;</subfield>
         <subfield code="a">Philadelphia :</subfield>
         <subfield code="b">Oxbow Books,</subfield>
         <subfield code="c">2015.</subfield>
      </datafield>
      <datafield tag="264" ind1=" " ind2="4">
         <subfield code="c">©2015</subfield>
      </datafield>
      <datafield tag="300" ind1=" " ind2=" ">
         <subfield code="a">xv, 373 pages ;</subfield>
         <subfield code="c">31 cm.</subfield>
      </datafield>
      <datafield tag="336" ind1=" " ind2=" ">
         <subfield code="a">text</subfield>
         <subfield code="b">txt</subfield>
         <subfield code="2">rdacontent</subfield>
      </datafield>
      <datafield tag="336" ind1=" " ind2=" ">
         <subfield code="a">still image</subfield>
         <subfield code="b">sti</subfield>
         <subfield code="2">rdacontent</subfield>
      </datafield>
      <datafield tag="337" ind1=" " ind2=" ">
         <subfield code="a">unmediated</subfield>
         <subfield code="b">n</subfield>
         <subfield code="2">rdamedia</subfield>
      </datafield>
      <datafield tag="338" ind1=" " ind2=" ">
         <subfield code="a">volume</subfield>
         <subfield code="b">nc</subfield>
         <subfield code="2">rdacarrier</subfield>
      </datafield>
      <datafield tag="490" ind1="1" ind2=" ">
         <subfield code="a">Levant supplementary series ;</subfield>
         <subfield code="v">volume 17</subfield>
      </datafield>
      <datafield tag="504" ind1=" " ind2=" ">
         <subfield code="a">Includes bibliographical references.</subfield>
      </datafield>
      <datafield tag="505" ind1="0" ind2="0">
         <subfield code="t">Introduction /</subfield>
         <subfield code="r">Edgar Peltenburg --</subfield>
         <subfield code="t">The regional setting of Jerablus Tahtani /</subfield>
         <subfield code="r">T.J. Wilkinson and Katleen Deckers --</subfield>
         <subfield code="t">Chronology /</subfield>
         <subfield code="r">Edgar Peltenburg and Derek Hamilton --</subfield>
         <subfield code="t">The mortuary facilities and their contents /</subfield>
         <subfield code="r">Edgar Peltenburg, Diane Bolger, Stuart Campbell, Adam Jackson, Dorothy A. Lunt, Zissis Parras, Graham Philip, Paola Sconzo and Marie E. Watt --</subfield>
         <subfield code="t">The mortuary population /</subfield>
         <subfield code="r">Dorothy A. Lunt, Zissis Parras, Catriona Pickard and Marie E. Watt --</subfield>
         <subfield code="t">Pottery of the early bronze and Uruk periods : summary /</subfield>
         <subfield code="r">Diane Bolger and Edgar Peltenburg --</subfield>
         <subfield code="t">Metalwork from mortuary contexts at Jerablus /</subfield>
         <subfield code="r">Graham Philip --</subfield>
         <subfield code="t">Metals from early bronze age burial assemblages collected between 1911 and 1920 by D.G. Hogarth, C.L. Woolley and T.E. Lawrence in the central Euphrates and Sajur River regions of Syria /</subfield>
         <subfield code="r">Peter Northover and Kay Prag --</subfield>
         <subfield code="t">Other objects, including personal ornaments and figurines /</subfield>
         <subfield code="r">Kathy Eremin, Adam Jackson, Carole McCartney, Edgar Peltenburg and Andrew Shortland --</subfield>
         <subfield code="t">Animal remains /</subfield>
         <subfield code="r">Paul Croft --</subfield>
         <subfield code="t">The charred plant remains from Tomb 302 /</subfield>
         <subfield code="r">Sue Colledge and Chris Stevens --</subfield>
         <subfield code="t">Jerablus mortuary practices in their local and regional contexts /</subfield>
         <subfield code="r">Edgar Peltenburg.</subfield>
      </datafield>
      <datafield tag="546" ind1=" " ind2=" ">
         <subfield code="a">In English; summary in Arabic.</subfield>
      </datafield>
      <datafield tag="651" ind1=" " ind2="0">
         <subfield code="a">Jarābulus (Syria)</subfield>
         <subfield code="x">Antiquities.</subfield>
      </datafield>
      <datafield tag="650" ind1=" " ind2="0">
         <subfield code="a">Excavations (Archaeology)</subfield>
         <subfield code="z">Syria</subfield>
         <subfield code="z">Jarābulus.</subfield>
      </datafield>
      <datafield tag="650" ind1=" " ind2="0">
         <subfield code="a">Tombs</subfield>
         <subfield code="z">Syria</subfield>
         <subfield code="z">Jarābulus.</subfield>
      </datafield>
      <datafield tag="650" ind1=" " ind2="0">
         <subfield code="a">Bronze age</subfield>
         <subfield code="z">Syria.</subfield>
      </datafield>
      <datafield tag="651" ind1=" " ind2="0">
         <subfield code="a">Carchemish (Extinct city)</subfield>
      </datafield>
      <datafield tag="651" ind1=" " ind2="7">
         <subfield code="a">Tell Jerablus Tahtani.</subfield>
         <subfield code="2">pleiades</subfield>
         <subfield code="0">https://pleiades.stoa.org/places/851753991</subfield>
         <subfield code="5">NyNyUAW</subfield>
      </datafield>
      <datafield tag="650" ind1=" " ind2="7">
         <subfield code="a">Bestattung.</subfield>
         <subfield code="0">(DE-588)4006054-8</subfield>
         <subfield code="2">gnd</subfield>
      </datafield>
      <datafield tag="650" ind1=" " ind2="7">
         <subfield code="a">Gräberfeld.</subfield>
         <subfield code="0">(DE-588)4071980-7</subfield>
         <subfield code="2">gnd</subfield>
      </datafield>
      <datafield tag="650" ind1=" " ind2="7">
         <subfield code="a">Ausgrabung.</subfield>
         <subfield code="0">(DE-588)4129464-6</subfield>
         <subfield code="2">gnd</subfield>
      </datafield>
      <datafield tag="650" ind1=" " ind2="7">
         <subfield code="a">Bronzezeit.</subfield>
         <subfield code="0">(DE-588)4008357-3</subfield>
         <subfield code="2">gnd</subfield>
      </datafield>
      <datafield tag="651" ind1=" " ind2="7">
         <subfield code="a">Jerablus.</subfield>
         <subfield code="0">(DE-588)1043763724</subfield>
         <subfield code="2">gnd</subfield>
      </datafield>
      <datafield tag="651" ind1=" " ind2="7">
         <subfield code="a">Karkemisch.</subfield>
         <subfield code="0">(DE-588)7753065-2</subfield>
         <subfield code="2">gnd</subfield>
      </datafield>
      <datafield tag="830" ind1=" " ind2="0">
         <subfield code="a">Levant supplementary series ;</subfield>
         <subfield code="v">v. 17.</subfield>
      </datafield>
      <datafield tag="994" ind1=" " ind2=" ">
         <subfield code="a">Z0</subfield>
         <subfield code="b">ZYU</subfield>
      </datafield>
      <datafield tag="OWN" ind1=" " ind2=" ">
         <subfield code="a">GENERAL</subfield>
      </datafield>
      <datafield tag="AVA" ind1=" " ind2=" ">
         <subfield code="a">NYU50</subfield>
         <subfield code="b">NISAW</subfield>
         <subfield code="c">Large Collection</subfield>
         <subfield code="d">DS99.J283 P45 2015 Non-circulating</subfield>
         <subfield code="e">available</subfield>
         <subfield code="t">Available</subfield>
         <subfield code="f">1</subfield>
         <subfield code="g">0</subfield>
         <subfield code="h">N</subfield>
         <subfield code="i">0</subfield>
         <subfield code="j">LARGE</subfield>
         <subfield code="k">0</subfield>
      </datafield>
      <marc:datafield tag="852" ind1=" " ind2=" ">
         <marc:subfield code="b">Institute for the Study of the Ancient World, </marc:subfield>
         <marc:subfield code="c">Large Collection</marc:subfield>
         <marc:subfield code="e">15 East 84th St., </marc:subfield>
         <marc:subfield code="e">New York, NY  10028</marc:subfield>
      </marc:datafield>
   </record>