
  
  
  
  
  
  
  
  
  
  
  
  
  
 
  
  <record xsi:schemaLocation="http://www.loc.gov/MARC21/slim http://www.loc.gov/standards/marcxml/schema/MARC21slim.xsd">
      <leader>00000cam a2200781 i 4500</leader>
      <controlfield tag="FMT">BK</controlfield>
      <controlfield tag="LDR">00000cam a2200781 i 4500</controlfield>
      <controlfield tag="001">004546379</controlfield>
      <controlfield tag="003">OCoLC</controlfield>
      <controlfield tag="005">20170106154549.0</controlfield>
      <controlfield tag="008">170106s2016    inuabe   b    001 0 eng</controlfield>
      <datafield tag="010" ind1=" " ind2=" ">
         <subfield code="a">2016039920</subfield>
      </datafield>
      <datafield tag="020" ind1=" " ind2=" ">
         <subfield code="a">9781575064901</subfield>
         <subfield code="q">(Cloth, set)</subfield>
      </datafield>
      <datafield tag="020" ind1=" " ind2=" ">
         <subfield code="a">1575064901</subfield>
         <subfield code="q">(Cloth, set)</subfield>
      </datafield>
      <datafield tag="020" ind1=" " ind2=" ">
         <subfield code="a">9781575064888</subfield>
         <subfield code="q">(Cloth, vol. 1)</subfield>
      </datafield>
      <datafield tag="020" ind1=" " ind2=" ">
         <subfield code="a">157506488X</subfield>
         <subfield code="q">(Cloth, vol. 1)</subfield>
      </datafield>
      <datafield tag="020" ind1=" " ind2=" ">
         <subfield code="a">9781575064895</subfield>
         <subfield code="q">(Cloth, vol. 2)</subfield>
      </datafield>
      <datafield tag="020" ind1=" " ind2=" ">
         <subfield code="a">1575064898</subfield>
         <subfield code="q">(Cloth, vol. 2)</subfield>
      </datafield>
      <datafield tag="035" ind1=" " ind2=" ">
         <subfield code="a">(OCoLC)957581445</subfield>
      </datafield>
      <datafield tag="040" ind1=" " ind2=" ">
         <subfield code="a">DLC</subfield>
         <subfield code="b">eng</subfield>
         <subfield code="e">rda</subfield>
         <subfield code="c">DLC</subfield>
         <subfield code="d">OCLCF</subfield>
         <subfield code="d">ZYU</subfield>
      </datafield>
      <datafield tag="042" ind1=" " ind2=" ">
         <subfield code="a">pcc</subfield>
      </datafield>
      <datafield tag="043" ind1=" " ind2=" ">
         <subfield code="a">a-is---</subfield>
      </datafield>
      <datafield tag="050" ind1="0" ind2="0">
         <subfield code="a">DS110.R34</subfield>
         <subfield code="b">L57 2016</subfield>
      </datafield>
      <datafield tag="079" ind1=" " ind2=" ">
         <subfield code="a">(OCoLC)957581445</subfield>
      </datafield>
      <datafield tag="082" ind1="0" ind2="0">
         <subfield code="a">933/.44</subfield>
         <subfield code="2">23</subfield>
      </datafield>
      <datafield tag="100" ind1="1" ind2=" ">
         <subfield code="a">Lipschitz, Oded,</subfield>
         <subfield code="e">author.</subfield>
      </datafield>
      <datafield tag="245" ind1="1" ind2="0">
         <subfield code="a">Ramat-Raḥel III :</subfield>
         <subfield code="b">final publications of Aharoni's excavations at Ramat-Raḥel (1954, 1959-1962) /</subfield>
         <subfield code="c">Oded Lipschits, Yuval Gadot, Liora Freud ; with contributions by Nitzan Amitai-Preiss [and 20 others].</subfield>
      </datafield>
      <datafield tag="264" ind1=" " ind2="1">
         <subfield code="a">Winona Lake, Indiana :</subfield>
         <subfield code="b">Eisenbrauns,</subfield>
         <subfield code="c">[2016]</subfield>
      </datafield>
      <datafield tag="300" ind1=" " ind2=" ">
         <subfield code="a">2 volumes :</subfield>
         <subfield code="b">black-and-white illustrations, black-and-white maps, black-and-white plans ;</subfield>
         <subfield code="c">27 cm.</subfield>
      </datafield>
      <datafield tag="336" ind1=" " ind2=" ">
         <subfield code="a">text</subfield>
         <subfield code="b">txt</subfield>
         <subfield code="2">rdacontent</subfield>
      </datafield>
      <datafield tag="336" ind1=" " ind2=" ">
         <subfield code="a">still image</subfield>
         <subfield code="b">sti</subfield>
         <subfield code="2">rdacontent</subfield>
      </datafield>
      <datafield tag="337" ind1=" " ind2=" ">
         <subfield code="a">unmediated</subfield>
         <subfield code="b">n</subfield>
         <subfield code="2">rdamedia</subfield>
      </datafield>
      <datafield tag="338" ind1=" " ind2=" ">
         <subfield code="a">volume</subfield>
         <subfield code="b">nc</subfield>
         <subfield code="2">rdacarrier</subfield>
      </datafield>
      <datafield tag="490" ind1="1" ind2=" ">
         <subfield code="a">Sonia and Marco Nadler Institute of Archaeology Monograph Series ;</subfield>
         <subfield code="v">number 35</subfield>
      </datafield>
      <datafield tag="500" ind1=" " ind2=" ">
         <subfield code="a">"The final publication of excavations originally carried out by Yohanan Aharoni in the 1950s at this important site just outside Jerusalem"--ECIP data view.</subfield>
      </datafield>
      <datafield tag="500" ind1=" " ind2=" ">
         <subfield code="a">"The study of Yohanan Aharoni's excavations of Ramat Raḥel was supported by the Shelby White and Leon Levy Program for Archaeological Publications"--page v.</subfield>
      </datafield>
      <datafield tag="504" ind1=" " ind2=" ">
         <subfield code="a">Includes bibliographical references and index.</subfield>
      </datafield>
      <datafield tag="505" ind1="0" ind2="0">
         <subfield code="g">Volume 1.</subfield>
         <subfield code="g">Part 1.</subfield>
         <subfield code="t">Introduction.</subfield>
         <subfield code="t">Foreword /</subfield>
         <subfield code="r">Oded Lipschits --</subfield>
         <subfield code="t">Aharoni at Ramat Raḥel /</subfield>
         <subfield code="r">Boaz Gross --</subfield>
         <subfield code="t">Raw material and sources for the analysis of Aharoni's excavations /</subfield>
         <subfield code="r">Oded Lipschits, Yuval Gadot and Liora Freud --</subfield>
         <subfield code="t">Publication methodology /</subfield>
         <subfield code="r">Yuval Gadot and Oded Lipschits.</subfield>
         <subfield code="g">Part 2.</subfield>
         <subfield code="t">Stratigraphy, architecture and pottery.</subfield>
         <subfield code="t">Sub-sector AES1 : the church and the annexed building /</subfield>
         <subfield code="r">Yuval Gadot and Itamar Taxel --</subfield>
         <subfield code="t">Sub-sector AES2 : squares O-V/24-27 /</subfield>
         <subfield code="r">Yuval Gadot and Oren Tal --</subfield>
         <subfield code="t">Sub-sector AES3 : squares K-P/18-23 /</subfield>
         <subfield code="r">Yuval Gadot, Oren Tal and Itamar Taxel --</subfield>
         <subfield code="t">Sub-sector ACS1 : courtyard 380 (squares Q-W/15-20) /</subfield>
         <subfield code="r">Yuval Gadot, Liora Freud, Oren Tal and Itamar Taxel --</subfield>
         <subfield code="t">Sub-sector ACS2 : squares W-AA/15-22 /</subfield>
         <subfield code="r">Yuval Gadot, Liora Freud, Oren Tal and Itamar Taxel --</subfield>
         <subfield code="t">Sub-sector ACS3 : squares Q-V/20-23 /</subfield>
         <subfield code="r">Yuval Gadot, Oren Tal and Itamar Taxel --</subfield>
         <subfield code="t">Sub-sector ACS4 : Squares M-R/9-16 and squares F/13-14 /</subfield>
         <subfield code="r">Yuval Gadot and Oded Lipschits --</subfield>
      </datafield>
      <datafield tag="505" ind1="0" ind2="0">
         <subfield code="9"/>
         <subfield code="r">Sub-sector AWS1 : squares S-BB/6-14 /</subfield>
         <subfield code="r">Yuval Gadot, Liora Freud, Oren Tal and Itamar Taxel --</subfield>
         <subfield code="t">Sub-sector AWS2 /</subfield>
         <subfield code="r">Yuval Gadot and Oded Lipschits --</subfield>
         <subfield code="t">Sector APS /</subfield>
         <subfield code="r">Yuval Gadot and Oded Lipschits --</subfield>
         <subfield code="t">Jewish ritual baths (Miqvaʼot) /</subfield>
         <subfield code="r">Ronny Reich --</subfield>
         <subfield code="t">Pottery of the iron age : typology and summary /</subfield>
         <subfield code="r">Liora Freud --</subfield>
         <subfield code="t">Pottery from the Persian and Hellenistic periods /</subfield>
         <subfield code="r">Oren Tal --</subfield>
         <subfield code="t">The pottery of the late Roman, Byzantine and Islamic periods : summary and supplementary pottery types /</subfield>
         <subfield code="r">Itamar Taxel --</subfield>
         <subfield code="g">Appendix :</subfield>
         <subfield code="t">Pentagonal clay tiles /</subfield>
         <subfield code="r">Itamar Taxel.</subfield>
         <subfield code="g">Volume 2.</subfield>
         <subfield code="g">Part 3.</subfield>
         <subfield code="t">Stamp impressions.</subfield>
         <subfield code="t">lmlk stamp impressions /</subfield>
         <subfield code="r">Omer Sergi --</subfield>
         <subfield code="t">"Private" stamp impressions /</subfield>
         <subfield code="r">Ido Koch and Oded Lipschits --</subfield>
         <subfield code="t">Concentric circle incisions /</subfield>
         <subfield code="r">Omer Sergi and Ido Koch --</subfield>
         <subfield code="t">Prancing horse impression /</subfield>
         <subfield code="r">Ido Koch --</subfield>
         <subfield code="t">Rosette stamp impressions /</subfield>
         <subfield code="r">Ido Koch --</subfield>
         <subfield code="t">Lion stamp impressions /</subfield>
         <subfield code="r">Oded Lipschits and Ido Koch --</subfield>
         <subfield code="t">Forty unpublished yhwd stamp impressions /</subfield>
      </datafield>
      <datafield tag="505" ind1="0" ind2="0">
         <subfield code="9"/>
         <subfield code="r">Oded Lipschits and David Vanderhooft --</subfield>
         <subfield code="t">Persian period stamp impressions /</subfield>
         <subfield code="r">Keren Ras, Efrat Bocher and Ido Koch --</subfield>
         <subfield code="t">yršlm stamp impressions /</subfield>
         <subfield code="r">Efrat Bocher --</subfield>
         <subfield code="t">"ṭet"-like stamp impressions /</subfield>
         <subfield code="r">Efrat Bocher --</subfield>
         <subfield code="t">Roman army stamp impressions and related objects /</subfield>
         <subfield code="r">Yotam Tepper, Efrat Bocher and Ido Koch --</subfield>
         <subfield code="t">A unique Byzantine eagle stamp impression /</subfield>
         <subfield code="r">Efrat Bocher and Keren Ras.</subfield>
         <subfield code="g">Part 4.</subfield>
         <subfield code="t">Other finds.</subfield>
         <subfield code="t">Hebrew epigraphic incisions /</subfield>
         <subfield code="r">Ido Koch and Oded Lipschits --</subfield>
         <subfield code="t">Potter's marks /</subfield>
         <subfield code="r">Efrat Bocher, Keren Ras and Liora Freud --</subfield>
         <subfield code="t">A clay seal depicting a schematic version of the "woman at the window" motif /</subfield>
         <subfield code="r">Keren Ras --</subfield>
         <subfield code="t">Iron II clay figurines /</subfield>
         <subfield code="r">Raz Kletter and Katri Saarelainen --</subfield>
         <subfield code="t">Iron II architectural elements /</subfield>
         <subfield code="r">Oded Lipschits and Keren Ras --</subfield>
         <subfield code="t">Marked and inscribed pottery vessels of the late Byzantine and early Islamic periods /</subfield>
         <subfield code="r">Itamar Taxel and Nitzan Amitai-Preiss --</subfield>
         <subfield code="g">Appendix 36.1 :</subfield>
         <subfield code="t">Arabic inscribed jar /</subfield>
         <subfield code="r">Itamar Taxel and Nitzan Amitai-Preiss --</subfield>
      </datafield>
      <datafield tag="505" ind1="0" ind2="0">
         <subfield code="9"/>
         <subfield code="t">Glass finds /</subfield>
         <subfield code="r">Ruth E. Jackson-Tal --</subfield>
         <subfield code="t">The coins /</subfield>
         <subfield code="r">Yoav Farhi --</subfield>
         <subfield code="g">Appendix 38.1 :</subfield>
         <subfield code="t">The coins from the Roman bathhouse /</subfield>
         <subfield code="r">Yoav Farhi --</subfield>
         <subfield code="t">Stone vessels and implements of the late Second Temple period /</subfield>
         <subfield code="r">Ronny Reich --</subfield>
         <subfield code="t">A sundial sherd /</subfield>
         <subfield code="r">Keren Ras --</subfield>
         <subfield code="t">Roman and Byzantine architectural elements /</subfield>
         <subfield code="r">Efrat Bocher and Ido Koch --</subfield>
         <subfield code="t">Agricultural installations /</subfield>
         <subfield code="r">Uri Davidovich --</subfield>
         <subfield code="t">Miscellaneous finds /</subfield>
         <subfield code="r">Keren Ras and Yuval Gadot.</subfield>
         <subfield code="g">Part 5.</subfield>
         <subfield code="t">Post Aharoni excavations at Ramat Raḥel.</subfield>
         <subfield code="t">Salvage excavations 2000-2002 /</subfield>
         <subfield code="r">Gideon Solimany and Vered Barzel.</subfield>
         <subfield code="g">Appendix 44.1 :</subfield>
         <subfield code="t">Coins /</subfield>
         <subfield code="r">Donald T. Ariel --</subfield>
         <subfield code="g">Appendix 44.2 :</subfield>
         <subfield code="t">Three stamp impressions /</subfield>
         <subfield code="r">Gabriel Barkay --</subfield>
         <subfield code="g">Appendix 44.3 :</subfield>
         <subfield code="t">Figurines /</subfield>
         <subfield code="r">Raz Kletter --</subfield>
         <subfield code="g">Appendix 44.4 :</subfield>
         <subfield code="t">Glass vessels /</subfield>
         <subfield code="r">Natalya Katsnelson.</subfield>
         <subfield code="g">Part 6.</subfield>
         <subfield code="t">Conclusions and index.</subfield>
         <subfield code="t">Summary and conclusions /</subfield>
         <subfield code="r">Yuval Gadot and Oded Lipschits.</subfield>
      </datafield>
      <datafield tag="651" ind1=" " ind2="0">
         <subfield code="a">Ramat Raḥel (Israel)</subfield>
      </datafield>
      <datafield tag="650" ind1=" " ind2="0">
         <subfield code="a">Excavations (Archaeology)</subfield>
         <subfield code="z">Israel</subfield>
         <subfield code="z">Ramat Raḥel.</subfield>
      </datafield>
      <datafield tag="651" ind1=" " ind2="0">
         <subfield code="a">Israel</subfield>
         <subfield code="x">Antiquities.</subfield>
      </datafield>
      <datafield tag="651" ind1=" " ind2="7">
         <subfield code="a">Ramat Raḥel.</subfield>
         <subfield code="2">pleiades</subfield>
         <subfield code="0">https://pleiades.stoa.org/places/671109966</subfield>
         <subfield code="5">NyNyUAW</subfield>
      </datafield>
      <datafield tag="651" ind1=" " ind2="7">
         <subfield code="a">Israel</subfield>
         <subfield code="z">Ramat Raḥel.</subfield>
         <subfield code="2">fast</subfield>
         <subfield code="0">(OCoLC)fst01252210</subfield>
      </datafield>
      <datafield tag="700" ind1="1" ind2=" ">
         <subfield code="a">Gadot, Yuval,</subfield>
         <subfield code="e">author.</subfield>
      </datafield>
      <datafield tag="700" ind1="1" ind2=" ">
         <subfield code="a">Freud, Liora,</subfield>
         <subfield code="e">author.</subfield>
      </datafield>
      <datafield tag="700" ind1="1" ind2=" ">
         <subfield code="a">Aharoni, Yohanan,</subfield>
         <subfield code="d">1919-1976.</subfield>
      </datafield>
      <datafield tag="700" ind1="1" ind2=" ">
         <subfield code="a">Amitai-Preiss, Nitzan,</subfield>
         <subfield code="e">contributor.</subfield>
      </datafield>
      <datafield tag="700" ind1="1" ind2=" ">
         <subfield code="a">Ariel, Donald T.,</subfield>
         <subfield code="e">contributor.</subfield>
      </datafield>
      <datafield tag="700" ind1="1" ind2=" ">
         <subfield code="a">Barkay, Gabriel,</subfield>
         <subfield code="e">contributor.</subfield>
      </datafield>
      <datafield tag="700" ind1="1" ind2=" ">
         <subfield code="a">Barzel, Vered,</subfield>
         <subfield code="e">contributor.</subfield>
      </datafield>
      <datafield tag="700" ind1="1" ind2=" ">
         <subfield code="a">Bocher, Efrat,</subfield>
         <subfield code="e">contributor.</subfield>
      </datafield>
      <datafield tag="700" ind1="1" ind2=" ">
         <subfield code="a">Davidovich, Uri,</subfield>
         <subfield code="e">contributor.</subfield>
      </datafield>
      <datafield tag="700" ind1="1" ind2=" ">
         <subfield code="a">Farhi, Yoav,</subfield>
         <subfield code="e">contributor.</subfield>
      </datafield>
      <datafield tag="700" ind1="1" ind2=" ">
         <subfield code="a">Gross, Boaz,</subfield>
         <subfield code="e">contributor.</subfield>
      </datafield>
      <datafield tag="700" ind1="1" ind2=" ">
         <subfield code="a">Jackson-Tal, Ruth E.,</subfield>
         <subfield code="e">contributor.</subfield>
      </datafield>
      <datafield tag="700" ind1="1" ind2=" ">
         <subfield code="a">Katsnelson, Natalya,</subfield>
         <subfield code="e">contributor.</subfield>
      </datafield>
      <datafield tag="700" ind1="1" ind2=" ">
         <subfield code="a">Kletter, Raz,</subfield>
         <subfield code="e">contributor.</subfield>
      </datafield>
      <datafield tag="700" ind1="1" ind2=" ">
         <subfield code="a">Koch, Ido,</subfield>
         <subfield code="e">contributor.</subfield>
      </datafield>
      <datafield tag="700" ind1="1" ind2=" ">
         <subfield code="a">Ras, Keren,</subfield>
         <subfield code="e">contributor.</subfield>
      </datafield>
      <datafield tag="700" ind1="1" ind2=" ">
         <subfield code="a">Reich, Ronny,</subfield>
         <subfield code="e">contributor.</subfield>
      </datafield>
      <datafield tag="700" ind1="1" ind2=" ">
         <subfield code="a">Saarelainen, Katri,</subfield>
         <subfield code="e">contributor.</subfield>
      </datafield>
      <datafield tag="700" ind1="1" ind2=" ">
         <subfield code="a">Sergi, Omer,</subfield>
         <subfield code="e">contributor.</subfield>
      </datafield>
      <datafield tag="700" ind1="1" ind2=" ">
         <subfield code="a">Solimany, Gideon,</subfield>
         <subfield code="e">contributor.</subfield>
      </datafield>
      <datafield tag="700" ind1="1" ind2=" ">
         <subfield code="a">Tal, Oren,</subfield>
         <subfield code="e">contributor.</subfield>
      </datafield>
      <datafield tag="700" ind1="1" ind2=" ">
         <subfield code="a">Taxel, Itamar,</subfield>
         <subfield code="e">contributor.</subfield>
      </datafield>
      <datafield tag="700" ind1="1" ind2=" ">
         <subfield code="a">Tepper, Yotam,</subfield>
         <subfield code="e">contributor.</subfield>
      </datafield>
      <datafield tag="700" ind1="1" ind2=" ">
         <subfield code="a">Vanderhooft, David Stephen,</subfield>
         <subfield code="e">contributor.</subfield>
      </datafield>
      <datafield tag="710" ind1="2" ind2=" ">
         <subfield code="a">Shelby White and Leon Levy Program for Archaeological Publications (Firm),</subfield>
         <subfield code="e">sponsor.</subfield>
      </datafield>
      <datafield tag="776" ind1="0" ind2="8">
         <subfield code="i">Online version:</subfield>
         <subfield code="a">Lipschitz, Oded, author.</subfield>
         <subfield code="t">Ramat-Raḥel III</subfield>
         <subfield code="d">Winona Lake, Indiana : Eisenbrauns, [2016]</subfield>
         <subfield code="z">9781575064918</subfield>
         <subfield code="w">(DLC) 2016040484</subfield>
      </datafield>
      <datafield tag="830" ind1=" " ind2="0">
         <subfield code="a">Monograph series (Makhon le-arkheʼologyah ʻa. sh. Sonyah u-Marḳo Nadler) ;</subfield>
         <subfield code="v">no. 35.</subfield>
      </datafield>
      <datafield tag="994" ind1=" " ind2=" ">
         <subfield code="a">Z0</subfield>
         <subfield code="b">ZYU</subfield>
      </datafield>
      <datafield tag="OWN" ind1=" " ind2=" ">
         <subfield code="a">GENERAL</subfield>
      </datafield>
      <datafield tag="AVA" ind1=" " ind2=" ">
         <subfield code="a">NYU50</subfield>
         <subfield code="b">NISAW</subfield>
         <subfield code="c">Large Collection</subfield>
         <subfield code="d">DS110.R34 L57 2016 Non-circulating</subfield>
         <subfield code="e">available</subfield>
         <subfield code="t">Available</subfield>
         <subfield code="f">2</subfield>
         <subfield code="g">0</subfield>
         <subfield code="h">Y</subfield>
         <subfield code="i">0</subfield>
         <subfield code="j">LARGE</subfield>
         <subfield code="k">0</subfield>
      </datafield>
      <marc:datafield tag="852" ind1=" " ind2=" ">
         <marc:subfield code="b">Institute for the Study of the Ancient World, </marc:subfield>
         <marc:subfield code="c">Large Collection</marc:subfield>
         <marc:subfield code="e">15 East 84th St., </marc:subfield>
         <marc:subfield code="e">New York, NY  10028</marc:subfield>
      </marc:datafield>
   </record>