
  
  
  
  
  
  
  
  
  
  
 
  
  <record xsi:schemaLocation="http://www.loc.gov/MARC21/slim http://www.loc.gov/standards/marcxml/schema/MARC21slim.xsd">
      <leader>00000cam a2200529Ii 4500</leader>
      <controlfield tag="FMT">BK</controlfield>
      <controlfield tag="LDR">00000cam a2200529Ii 4500</controlfield>
      <controlfield tag="001">004548409</controlfield>
      <controlfield tag="003">OCoLC</controlfield>
      <controlfield tag="005">20170227151808.0</controlfield>
      <controlfield tag="008">150422s2014    ru abe   b    100 0 rus d</controlfield>
      <datafield tag="020" ind1=" " ind2=" ">
         <subfield code="a">9785922209588</subfield>
      </datafield>
      <datafield tag="020" ind1=" " ind2=" ">
         <subfield code="a">5922209582</subfield>
      </datafield>
      <datafield tag="035" ind1=" " ind2=" ">
         <subfield code="a">(OCoLC)908935638</subfield>
      </datafield>
      <datafield tag="040" ind1=" " ind2=" ">
         <subfield code="a">EVIEW</subfield>
         <subfield code="b">eng</subfield>
         <subfield code="e">rda</subfield>
         <subfield code="c">EVIEW</subfield>
         <subfield code="d">ZYU</subfield>
      </datafield>
      <datafield tag="043" ind1=" " ind2=" ">
         <subfield code="a">e-ru---</subfield>
      </datafield>
      <datafield tag="050" ind1=" " ind2="4">
         <subfield code="a">DK511.E27</subfield>
         <subfield code="b">A63 2014</subfield>
      </datafield>
      <datafield tag="245" ind1="0" ind2="0">
         <subfield code="6">880-01</subfield>
         <subfield code="a">Ananʹinskiĭ mir :</subfield>
         <subfield code="b">istoki, razvitie, svi͡azi, istoricheskie sudʹby /</subfield>
         <subfield code="c">Otvetstvennye redaktory: S.V. Kuzʹminykh, A.A. Chizhevskiĭ.</subfield>
      </datafield>
      <datafield tag="264" ind1=" " ind2="1">
         <subfield code="6">880-02</subfield>
         <subfield code="a">Kazan' :</subfield>
         <subfield code="b">Institut istorii im. Sh. Mardzhani Akademii nauk Tatarstana :</subfield>
         <subfield code="b">Otechestvo,</subfield>
         <subfield code="c">2014.</subfield>
      </datafield>
      <datafield tag="300" ind1=" " ind2=" ">
         <subfield code="a">524 pages :</subfield>
         <subfield code="b">illustrations (some color), maps, plans ;</subfield>
         <subfield code="c">30 cm.</subfield>
      </datafield>
      <datafield tag="336" ind1=" " ind2=" ">
         <subfield code="a">text</subfield>
         <subfield code="b">txt</subfield>
         <subfield code="2">rdacontent</subfield>
      </datafield>
      <datafield tag="336" ind1=" " ind2=" ">
         <subfield code="a">still image</subfield>
         <subfield code="b">sti</subfield>
         <subfield code="2">rdacontent</subfield>
      </datafield>
      <datafield tag="337" ind1=" " ind2=" ">
         <subfield code="a">unmediated</subfield>
         <subfield code="b">n</subfield>
         <subfield code="2">rdamedia</subfield>
      </datafield>
      <datafield tag="338" ind1=" " ind2=" ">
         <subfield code="a">volume</subfield>
         <subfield code="b">nc</subfield>
         <subfield code="2">rdacarrier</subfield>
      </datafield>
      <datafield tag="490" ind1="1" ind2=" ">
         <subfield code="a">Arkheologii͡a evraziĭskikh stepeĭ ;</subfield>
         <subfield code="v">20</subfield>
      </datafield>
      <datafield tag="500" ind1=" " ind2=" ">
         <subfield code="6">880-03</subfield>
         <subfield code="a">"Nauchnoe izdanie"--Colophon.</subfield>
      </datafield>
      <datafield tag="500" ind1=" " ind2=" ">
         <subfield code="6">880-04</subfield>
         <subfield code="a">At head of title: Akademii͡a nauk Respubliki Tatarstan and 3 others.</subfield>
      </datafield>
      <datafield tag="504" ind1=" " ind2=" ">
         <subfield code="a">Includes bibliographical references.</subfield>
      </datafield>
      <datafield tag="505" ind1="0" ind2="0">
         <subfield code="g">English-language table of contents:</subfield>
         <subfield code="g">I.</subfield>
         <subfield code="t">The History of archaeology.</subfield>
         <subfield code="t">A.M. Tallgren and Russian aracheology /</subfield>
         <subfield code="r">Kuzminych S.V. [and three others] --</subfield>
         <subfield code="t">List of the published works of A.M. Tallgren related with the problems of Russian and Soviet archaeology /</subfield>
         <subfield code="r">Kuzminych S.V., Salminen T. --</subfield>
         <subfield code="t">Correspondence of A.M Talgren with the museum of Sarapul zemstvo towards (the history of publication the article "Two iron swords in Sarapul museum") /</subfield>
         <subfield code="r">Melnikova O.M. --</subfield>
         <subfield code="t">P.A. Ponomarev (new materials on the biography and scientific activities from the National museum of Tatarstan Republic) /</subfield>
         <subfield code="r">Ul'janova O.E. --</subfield>
         <subfield code="t">The beginning of the investigation the Early Iron Age cultures in central part of Russian Plane in the context of ceramics data /</subfield>
         <subfield code="r">Lopatina O.A.</subfield>
         <subfield code="g">II.</subfield>
         <subfield code="t">Common issues of the study the Late Bronze and Early Iron Ages: linguistic and archaeological aspects.</subfield>
         <subfield code="t">To the problem of the beginning of Finno-Ugric-Iranian contacts /</subfield>
         <subfield code="r">Napolskikh V.V. --</subfield>
      </datafield>
      <datafield tag="505" ind1="0" ind2="0">
         <subfield code="9"/>
         <subfield code="t">On the ethnic interpretation archaeological cultures of the first Millennium A.D. in the Vyatka River basin (according to the toponymic data) /</subfield>
         <subfield code="r">Smirnov O.V. --</subfield>
         <subfield code="t">Discussion for discussion or concerning "Economical wisdom of life" (on the controversy concerning the issue of formation the pre-Ananino of the Volga-Kama region and the Cis-Urals) /</subfield>
         <subfield code="r">Ivanov V.A. --</subfield>
         <subfield code="t">Current status of the issues of study the Middle and Late stages of Ananino culture in the Kama River region /</subfield>
         <subfield code="r">Korenyuk S.N., Melnichyuk S.N., Pereskokov M.L. --</subfield>
         <subfield code="t">North-East direction of the population interaction of the Dnieper-Don Forest-steppe in Final Period the Late Bronze Age /</subfield>
         <subfield code="r">Korokhina A.V. --</subfield>
         <subfield code="t">Antiquities of the Vyatka River region in the beginning of Iron Age: 150 years since discovery of the "bone-containing hill-forts" /</subfield>
         <subfield code="r">Mitryakov A.E., Chernyih E.M. --</subfield>
         <subfield code="t">Flint Inventory of the Volga-Kama region population and the quartzite one during the pre-Ananino and Ananino period /</subfield>
         <subfield code="r">Galimova M.Sh.</subfield>
         <subfield code="g">. III.</subfield>
      </datafield>
      <datafield tag="505" ind1="0" ind2="0">
         <subfield code="9"/>
         <subfield code="t">The Ananino World: ancientries of the Late Bronze and Early Iron Ages.</subfield>
         <subfield code="t">Complex of the Late Bronze Age of the Elhovka II settlement on the Kondurcha river /</subfield>
         <subfield code="r">Kolev Y.I., Myshkin V.N. --</subfield>
         <subfield code="t">Ceramics of the Belogorsk type in the Samara Volga region /</subfield>
         <subfield code="r">Chizhevskiy A.A. --</subfield>
         <subfield code="t">The Siuhino settlement (preliminary results of investigation 2009-2010) /</subfield>
         <subfield code="r">Efremova D. Yu., Soloviev B.S. --</subfield>
         <subfield code="t">Results of the complex research in the Sorochyi Gory hill-fort /</subfield>
         <subfield code="r">Chizhevskiy A.A. [and five others] --</subfield>
         <subfield code="t">Preliminary results of research in production technology non-ferrous objects from the Ananino burial ground (according to collection of National Board of Antiquities of Finland) /</subfield>
         <subfield code="r">Saprykina I.A., Kuzminykh S.V. --</subfield>
         <subfield code="t">New finds of the Ananino period from the territory Chuvashia /</subfield>
         <subfield code="r">Myasnikov N.S. --</subfield>
         <subfield code="t">The Hook, decorated in animal-style from the Kyrnysh archaeological complex /</subfield>
         <subfield code="r">Volkova E.V., Kaplenko N.M. --</subfield>
         <subfield code="t">Ceramics of the Ananyino time of the Sebyag I settlement on Vychegda river /</subfield>
      </datafield>
      <datafield tag="505" ind1="0" ind2="0">
         <subfield code="9"/>
         <subfield code="r">Vaskul I.O. --</subfield>
         <subfield code="t">Dynamics of evolution ceramics complexes of the Middle and Late stages of the Ananino culture in the Osa Kama River area (a case study from the Gremyacha settlement-sanctuary) /</subfield>
         <subfield code="r">Korenyuk S.N., Melnichyuck S.N., Pereskokov M.L. --</subfield>
         <subfield code="t">The settlement Voronki : early monument of the Kara-Abyiz culture /</subfield>
         <subfield code="r">Ovsyannikov V.V. --</subfield>
         <subfield code="t">The Ananino within the component Kara-Abyiz culture (according to a costume complex) /</subfield>
         <subfield code="r">Vorobjova S.L. --</subfield>
         <subfield code="t">The burial #28 of the Ikskiy burial ground: towards the issue on early date of the Pyanyiy Bor monuments /</subfield>
         <subfield code="r">Krasnoperov A.A..</subfield>
         <subfield code="g">IV.</subfield>
         <subfield code="t">The Ananino World and the culture of Central and North-West of Eastern Europe during the Late of the II-Early of the I Millennia B.C.</subfield>
         <subfield code="t">Burial sites of the textile ceramics culture in the Oka basin /</subfield>
         <subfield code="r">Azarov E.S. --</subfield>
         <subfield code="t">Complexes of the comb-corded and corded ware of the Early Iron Age settlement Vatazhka /</subfield>
         <subfield code="r">Novikov A.V. --</subfield>
      </datafield>
      <datafield tag="505" ind1="0" ind2="0">
         <subfield code="9"/>
         <subfield code="t">Basic principles, practical procedures and some results of the pottery analysis in the western part of the Ananyino cultural area /</subfield>
         <subfield code="r">Kosmenko M.G. --</subfield>
         <subfield code="t">Towards the issue of the "Dyakovo hidden treasures": the origin chronology the umbo-shapead pendants suspensions in the Dyakovo culture /</subfield>
         <subfield code="r">Gusakov M.G. --</subfield>
         <subfield code="t">Some construction features of the of the shafts at the Dyakovo hill-forts: first results of scientific research /</subfield>
         <subfield code="r">Gol'eva A.A., Syirovatko A.S., Troshina A.A.</subfield>
         <subfield code="g">V.</subfield>
         <subfield code="t">The Ananino World and Siberia.</subfield>
         <subfield code="t">The Trans-Urals during the Early Ananino era /</subfield>
         <subfield code="r">Simina O.Yu --</subfield>
         <subfield code="t">The Early Iron Age oh the Middle Siberia /</subfield>
         <subfield code="r">Makarov N.P.</subfield>
         <subfield code="g">VI.</subfield>
         <subfield code="t">The Ananino World and the early nomads of Eurasia.</subfield>
         <subfield code="t">The Cimmerians and populations of the Volga-Kama region in the Early Iron Age /</subfield>
         <subfield code="r">Makhortykh S.V. --</subfield>
         <subfield code="t">Steppe and forest-steppe at the inital stage the early Sarmatian culture of the Southern Urals /</subfield>
         <subfield code="r">Savel'ev N.S., Yablonskiy L.T. --</subfield>
         <subfield code="t">Complex linear-rhythmic compositions in the art of animal style in the South Urals and Altai of the Early Iron Age /</subfield>
         <subfield code="r">Rukavishnikova I.V.</subfield>
      </datafield>
      <datafield tag="651" ind1=" " ind2="0">
         <subfield code="a">Ananʹinskīĭ Mound (Russia)</subfield>
         <subfield code="v">Congresses.</subfield>
      </datafield>
      <datafield tag="651" ind1=" " ind2="0">
         <subfield code="a">Kama River Region (Russia)</subfield>
         <subfield code="x">Antiquities</subfield>
         <subfield code="v">Congresses.</subfield>
      </datafield>
      <datafield tag="651" ind1=" " ind2="0">
         <subfield code="a">Elabuzhskiĭ raĭon (Russia)</subfield>
         <subfield code="x">Antiquities</subfield>
         <subfield code="v">Congresses.</subfield>
      </datafield>
      <datafield tag="650" ind1=" " ind2="0">
         <subfield code="a">Excavations (Archaeology)</subfield>
         <subfield code="z">Russia (Federation)</subfield>
         <subfield code="z">Elabuzhskiĭ raĭon</subfield>
         <subfield code="v">Congresses.</subfield>
      </datafield>
      <datafield tag="650" ind1=" " ind2="0">
         <subfield code="a">Excavations (Archaeology)</subfield>
         <subfield code="z">Russia (Federation)</subfield>
         <subfield code="z">Kama River Region</subfield>
         <subfield code="v">Congresses.</subfield>
      </datafield>
      <datafield tag="650" ind1=" " ind2="0">
         <subfield code="a">Burial</subfield>
         <subfield code="z">Russia (Federation)</subfield>
         <subfield code="z">Elabuzhskiĭ raĭon</subfield>
         <subfield code="v">Congresses.</subfield>
      </datafield>
      <datafield tag="650" ind1="0" ind2="4">
         <subfield code="a">Archaeology.</subfield>
      </datafield>
      <datafield tag="700" ind1="1" ind2=" ">
         <subfield code="6">880-05</subfield>
         <subfield code="a">Kuzʹminykh, S. V.</subfield>
         <subfield code="q">(Sergeĭ Vladimirovich)</subfield>
         <subfield code="e">editor.</subfield>
      </datafield>
      <datafield tag="700" ind1="1" ind2=" ">
         <subfield code="6">880-06</subfield>
         <subfield code="a">Chizhevskiĭ, A. A.,</subfield>
         <subfield code="e">editor.</subfield>
      </datafield>
      <datafield tag="710" ind1="2" ind2=" ">
         <subfield code="a">Tatarstan fănnăr akademii͡ase,</subfield>
         <subfield code="e">issuing body.</subfield>
      </datafield>
      <datafield tag="880" ind1="0" ind2="0">
         <subfield code="6">245-01/</subfield>
         <subfield code="a">Aнaньинский мир :</subfield>
         <subfield code="b">истоки, рaзвитие, связи, исторические судьбы /</subfield>
         <subfield code="c">ответственные редакторы: С.В. Кузьминых, А.А. Чижевский.</subfield>
      </datafield>
      <datafield tag="880" ind1=" " ind2="1">
         <subfield code="6">264-02/</subfield>
         <subfield code="a">Kaзань :</subfield>
         <subfield code="b">Институт истории им. Ш. Maрджани Aкадемии наук Taтaрстaнa :</subfield>
         <subfield code="b">Oтeчeствo,</subfield>
         <subfield code="c">2014.</subfield>
      </datafield>
      <datafield tag="880" ind1=" " ind2=" ">
         <subfield code="6">500-03/</subfield>
         <subfield code="a">"Нaучноe издaниe"--Colophon.</subfield>
      </datafield>
      <datafield tag="880" ind1=" " ind2=" ">
         <subfield code="6">500-04/</subfield>
         <subfield code="a">At head of title: Aкадемия наук Рeспублики Taтaрстaн and 3 others.</subfield>
      </datafield>
      <datafield tag="880" ind1="1" ind2=" ">
         <subfield code="6">700-05/</subfield>
         <subfield code="a">Кузьминых, С. В.</subfield>
         <subfield code="q">(Сергей Владимирович),</subfield>
         <subfield code="e">editor.</subfield>
      </datafield>
      <datafield tag="880" ind1="1" ind2=" ">
         <subfield code="6">700-06/</subfield>
         <subfield code="a">Чижевский, А. А,</subfield>
         <subfield code="e">editor.</subfield>
      </datafield>
      <datafield tag="830" ind1=" " ind2="0">
         <subfield code="a">Serii͡a "Arkheologii͡a evraziĭskikh stepeĭ" ;</subfield>
         <subfield code="v">vyp. 20.</subfield>
      </datafield>
      <datafield tag="994" ind1=" " ind2=" ">
         <subfield code="a">Z0</subfield>
         <subfield code="b">ZYU</subfield>
      </datafield>
      <datafield tag="OWN" ind1=" " ind2=" ">
         <subfield code="a">GENERAL</subfield>
      </datafield>
      <datafield tag="AVA" ind1=" " ind2=" ">
         <subfield code="a">NYU50</subfield>
         <subfield code="b">NISAW</subfield>
         <subfield code="c">Large Collection</subfield>
         <subfield code="d">DK511.E27 A63 2014 Non-circulating</subfield>
         <subfield code="e">available</subfield>
         <subfield code="t">Available</subfield>
         <subfield code="f">1</subfield>
         <subfield code="g">0</subfield>
         <subfield code="h">N</subfield>
         <subfield code="i">0</subfield>
         <subfield code="j">LARGE</subfield>
         <subfield code="k">0</subfield>
      </datafield>
      <marc:datafield tag="852" ind1=" " ind2=" ">
         <marc:subfield code="b">Institute for the Study of the Ancient World, </marc:subfield>
         <marc:subfield code="c">Large Collection</marc:subfield>
         <marc:subfield code="e">15 East 84th St., </marc:subfield>
         <marc:subfield code="e">New York, NY  10028</marc:subfield>
      </marc:datafield>
   </record>