
  
  
  
  
  
  
  
  
 
  
  <record xsi:schemaLocation="http://www.loc.gov/MARC21/slim http://www.loc.gov/standards/marcxml/schema/MARC21slim.xsd">
      <leader>00000cam a22004698i 4500</leader>
      <controlfield tag="FMT">BK</controlfield>
      <controlfield tag="LDR">00000cam a22004698i 4500</controlfield>
      <controlfield tag="001">004548545</controlfield>
      <controlfield tag="003">OCoLC</controlfield>
      <controlfield tag="005">20170110164027.0</controlfield>
      <controlfield tag="008">170110s2017    inua     b    100 0 eng</controlfield>
      <datafield tag="010" ind1=" " ind2=" ">
         <subfield code="a">2016039641</subfield>
      </datafield>
      <datafield tag="020" ind1=" " ind2=" ">
         <subfield code="a">9781575064659</subfield>
         <subfield code="q">(cloth : alk. paper)</subfield>
      </datafield>
      <datafield tag="020" ind1=" " ind2=" ">
         <subfield code="a">1575064650</subfield>
      </datafield>
      <datafield tag="035" ind1=" " ind2=" ">
         <subfield code="a">(OCoLC)962442414</subfield>
      </datafield>
      <datafield tag="040" ind1=" " ind2=" ">
         <subfield code="a">DGU/DLC</subfield>
         <subfield code="b">eng</subfield>
         <subfield code="e">rda</subfield>
         <subfield code="c">DGU</subfield>
         <subfield code="d">DLC</subfield>
         <subfield code="d">OCLCO</subfield>
         <subfield code="d">OCLCF</subfield>
         <subfield code="d">ZYU</subfield>
      </datafield>
      <datafield tag="041" ind1="0" ind2=" ">
         <subfield code="a">eng</subfield>
         <subfield code="a">fre</subfield>
         <subfield code="a">ger</subfield>
      </datafield>
      <datafield tag="042" ind1=" " ind2=" ">
         <subfield code="a">pcc</subfield>
      </datafield>
      <datafield tag="043" ind1=" " ind2=" ">
         <subfield code="a">aw-----</subfield>
         <subfield code="a">a-iq---</subfield>
      </datafield>
      <datafield tag="050" ind1=" " ind2="4">
         <subfield code="a">DS56</subfield>
         <subfield code="b">.R46 2014</subfield>
      </datafield>
      <datafield tag="050" ind1="0" ind2="0">
         <subfield code="a">PJ3121</subfield>
         <subfield code="b">.R45 2014</subfield>
      </datafield>
      <datafield tag="079" ind1=" " ind2=" ">
         <subfield code="a">(OCoLC)962442414</subfield>
      </datafield>
      <datafield tag="082" ind1="0" ind2="0">
         <subfield code="a">892/.1</subfield>
         <subfield code="2">23</subfield>
      </datafield>
      <datafield tag="111" ind1="2" ind2=" ">
         <subfield code="a">Rencontre assyriologique internationale</subfield>
         <subfield code="n">(60th :</subfield>
         <subfield code="d">2014 :</subfield>
         <subfield code="c">Warsaw, Poland)</subfield>
      </datafield>
      <datafield tag="245" ind1="1" ind2="0">
         <subfield code="a">Fortune and misfortune in the Ancient Near East :</subfield>
         <subfield code="b">proceedings of the 60th Rencontre assyriologique internationale at Warsaw 21-25 July 2014 /</subfield>
         <subfield code="c">edited by Olga Drewnowska and Małgorzata Sandowicz.</subfield>
      </datafield>
      <datafield tag="264" ind1=" " ind2="1">
         <subfield code="a">Winona Lake, Indiana :</subfield>
         <subfield code="b">Eisenbrauns,</subfield>
         <subfield code="c">2017.</subfield>
      </datafield>
      <datafield tag="300" ind1=" " ind2=" ">
         <subfield code="a">xxvii, 420 pages :</subfield>
         <subfield code="b">black-and-white illustrations ;</subfield>
         <subfield code="c">26 cm</subfield>
      </datafield>
      <datafield tag="336" ind1=" " ind2=" ">
         <subfield code="a">text</subfield>
         <subfield code="b">txt</subfield>
         <subfield code="2">rdacontent</subfield>
      </datafield>
      <datafield tag="337" ind1=" " ind2=" ">
         <subfield code="a">unmediated</subfield>
         <subfield code="b">n</subfield>
         <subfield code="2">rdamedia</subfield>
      </datafield>
      <datafield tag="338" ind1=" " ind2=" ">
         <subfield code="a">volume</subfield>
         <subfield code="b">nc</subfield>
         <subfield code="2">rdacarrier</subfield>
      </datafield>
      <datafield tag="504" ind1=" " ind2=" ">
         <subfield code="a">Includes bibliographical references.</subfield>
      </datafield>
      <datafield tag="520" ind1=" " ind2=" ">
         <subfield code="a">In the week between July 21 and 25, 2014, the University of Warsaw hosted more than three hundred Assyriologists from all over the world. In the course of five days, nearly 150 papers were read in three (and sometimes four) parallel sessions. Many of them were delivered within the framework of nine thematic workshops. The publication of most of these panels is underway, in separate volumes. As is usually the case, the academic sessions were accompanied by many opportunities for social interaction among the participants, and there was time to enjoy the historical and cultural benefits of Warsaw. Special honor was accorded to two American Assyriologists whose origins can be traced to Warsaw, Piotr Michalowski and Piotr Steinkeller, and a special session to recognize their contributions to the study of ancient Mesopotamia was organized. In this book are presented papers on the main theme of the meeting, "Fortune and Misfortune in the Ancient Near East." The 31 essays are organized into 5 sections: (1) plenary presenations on "What Is Fortune? What Is Misfortune?"; (2) humanity and fortune/misfortune and luck, with discussion of specific examples; (3) additional papers on definitions of fortune and misfortune; (4) the effects on city and state; and (5) God and temple.</subfield>
      </datafield>
      <datafield tag="505" ind1="0" ind2="0">
         <subfield code="g">Part 1. t What is fortune? What is misfortune?</subfield>
         <subfield code="t">Luck, fortune, and destiny in ancient Mesopotamia, or how the Sumerians and Babylonians thought of their place in the flow of things /</subfield>
         <subfield code="r">Piotr Steinkeller --</subfield>
         <subfield code="t">The concept of "misfortune" in Sumerian wisdom literature /</subfield>
         <subfield code="r">Jacob Klein --</subfield>
         <subfield code="t">Man's fate : divine responsibility for human welfare in Ḫatti /</subfield>
         <subfield code="r">Gary Beckman.</subfield>
         <subfield code="g">Part 2.</subfield>
         <subfield code="t">Man.</subfield>
         <subfield code="t">Fortune and misfortune of the individual : some observations on the sufferer's plaint in Ludlul bēl nēmeqi II 12-32 /</subfield>
         <subfield code="r">Tzvi Abusch --</subfield>
         <subfield code="t">On the fortune, or misfortune, of having children : the abundance of children according to the omen text K. 6404 /</subfield>
         <subfield code="r">Nils P. Heessel --</subfield>
         <subfield code="t">Gendering for fortune and misfortune : ritual gender assignment in the ancient Near East /</subfield>
         <subfield code="r">Kathleen McCaffrey --</subfield>
         <subfield code="t">Why did Paškuwatti's patient fail in the matrimonial bed? /</subfield>
         <subfield code="r">Zsolt Simon --</subfield>
         <subfield code="t">Introduction aux symptômes mentaux en Mésopotamie /</subfield>
         <subfield code="r">Magalie Parys --</subfield>
         <subfield code="t">Legal remedies against misfortune : evasion, legal fiction, and sham transactions in late Bronze Age Emar /</subfield>
         <subfield code="r">Lena Fijałkowska --</subfield>
         <subfield code="t">Hierarchy at the Hittite court /</subfield>
         <subfield code="r">Tayfun Bilgin --</subfield>
         <subfield code="t">Fortunes and misfortunes of messengers and merchants in the Amarna letters /</subfield>
         <subfield code="r">Graciela Gestoso Singer --</subfield>
         <subfield code="t">Made men : rich slaves of the Nūr-Sîns and the Egibis /</subfield>
         <subfield code="r">Benjamin Dromard --</subfield>
         <subfield code="t">Betting on the right horse : loyalty in the early years of the Neo-Babylonian Empire /</subfield>
         <subfield code="r">Yuval Levavi.</subfield>
         <subfield code="g">Part 3.</subfield>
         <subfield code="t">King.</subfield>
         <subfield code="t">The origins of the LUGAL office /</subfield>
         <subfield code="r">Petr Charvát --</subfield>
         <subfield code="t">Ups and downs in the career of Enmerkar, King of Uruk /</subfield>
         <subfield code="r">Dina Katz --</subfield>
         <subfield code="t">"Šulgi, Mighty Man, King of Ur" /</subfield>
         <subfield code="r">Tonia Sharlach --</subfield>
         <subfield code="t">The fate of Yasmaḫ-Addu, the King of Mari /</subfield>
         <subfield code="r">Rafał Koliński --</subfield>
         <subfield code="t">Finding the good genius in your bowl /</subfield>
         <subfield code="r">Daniel Bonneterre --</subfield>
         <subfield code="t">The royal adoption scene in Ugaritic and biblical texts /</subfield>
         <subfield code="r">Joanna Töyräänvuori --</subfield>
         <subfield code="t">"One epic or many?" Das Tukultī-Ninurta-Epos zum Ersten, zum Zweiten und zum--? /</subfield>
         <subfield code="r">Stefan Jakob.</subfield>
      </datafield>
      <datafield tag="505" ind1="8" ind2="0">
         <subfield code="g">Part 4.</subfield>
         <subfield code="t">City and state.</subfield>
         <subfield code="t">Climate change, the Mardu wal, and the fall of Ur /</subfield>
         <subfield code="r">Minna (Lönnqvist) Silver --</subfield>
         <subfield code="t">Regional differences in middle Assyrian /</subfield>
         <subfield code="r">Jacob Jan de Ridder --</subfield>
         <subfield code="t">The Anatolian and Iranian frontiers : analyzing the foreign policy of the Assyrian Empire under Esarhaddon /</subfield>
         <subfield code="r">Selim Ferruh Adali --</subfield>
         <subfield code="t">Finis Assyriae : the fall of the Assyrian state, or the fall of the Assyrian civilisation? /</subfield>
         <subfield code="r">Stefan Zawadzki --</subfield>
         <subfield code="t">Fortune and politics : Nabopolassar's campaigns in 616-615 B.C.E. and his alliance with Media /</subfield>
         <subfield code="r">Kabalan Moukarzel --</subfield>
         <subfield code="t">More about the crisis in Uruk /</subfield>
         <subfield code="r">Radosław Tarasewicz.</subfield>
         <subfield code="g">Part 5.</subfield>
         <subfield code="t">God and temple.</subfield>
         <subfield code="t">Don't insult Inana! Divine retribution for offense against common decency in the light of new textual sources /</subfield>
         <subfield code="r">Jana Matuszak --</subfield>
         <subfield code="t">Fortune and misfortune of the eagle in the myth of Etana /</subfield>
         <subfield code="r">Evelyne Koubková --</subfield>
         <subfield code="t">Within the Ekur : Sitz im Leben for a literary topos regarding Nintur /</subfield>
         <subfield code="r">Mark A. Avila, Marcel Sigrist, and Uri Gabbay --</subfield>
         <subfield code="t">Some remarks on the archaeology of Ekur of Nippur during post-Kassite times /</subfield>
         <subfield code="r">Bernhard Schneider.</subfield>
      </datafield>
      <datafield tag="546" ind1=" " ind2=" ">
         <subfield code="a">English; 1 contribution in French, 1 contribution in German.</subfield>
      </datafield>
      <datafield tag="650" ind1=" " ind2="0">
         <subfield code="a">Assyriology</subfield>
         <subfield code="v">Congresses.</subfield>
      </datafield>
      <datafield tag="650" ind1=" " ind2="0">
         <subfield code="a">Civilization, Assyro-Babylonian</subfield>
         <subfield code="v">Congresses.</subfield>
      </datafield>
      <datafield tag="650" ind1=" " ind2="0">
         <subfield code="a">Fortune</subfield>
         <subfield code="z">Middle East</subfield>
         <subfield code="x">History</subfield>
         <subfield code="v">Congresses.</subfield>
      </datafield>
      <datafield tag="650" ind1=" " ind2="7">
         <subfield code="a">Assyriology.</subfield>
         <subfield code="2">fast</subfield>
         <subfield code="0">(OCoLC)fst00819244</subfield>
      </datafield>
      <datafield tag="650" ind1=" " ind2="7">
         <subfield code="a">Civilization, Assyro-Babylonian.</subfield>
         <subfield code="2">fast</subfield>
         <subfield code="0">(OCoLC)fst00862983</subfield>
      </datafield>
      <datafield tag="655" ind1=" " ind2="7">
         <subfield code="a">Conference papers and proceedings.</subfield>
         <subfield code="2">fast</subfield>
         <subfield code="0">(OCoLC)fst01423772</subfield>
      </datafield>
      <datafield tag="700" ind1="1" ind2=" ">
         <subfield code="a">Drewnowska, Olga,</subfield>
         <subfield code="e">editor.</subfield>
      </datafield>
      <datafield tag="700" ind1="1" ind2=" ">
         <subfield code="a">Sandowicz, Małgorzata,</subfield>
         <subfield code="e">editor.</subfield>
      </datafield>
      <datafield tag="710" ind1="2" ind2=" ">
         <subfield code="a">Uniwersytet Warszawski,</subfield>
         <subfield code="e">host institution.</subfield>
      </datafield>
      <datafield tag="994" ind1=" " ind2=" ">
         <subfield code="a">Z0</subfield>
         <subfield code="b">ZYU</subfield>
      </datafield>
      <datafield tag="OWN" ind1=" " ind2=" ">
         <subfield code="a">GENERAL</subfield>
      </datafield>
      <datafield tag="AVA" ind1=" " ind2=" ">
         <subfield code="a">NYU50</subfield>
         <subfield code="b">NISAW</subfield>
         <subfield code="c">Small Collection</subfield>
         <subfield code="d">DS56 .R46 2014 Non-circulating</subfield>
         <subfield code="e">available</subfield>
         <subfield code="t">Available</subfield>
         <subfield code="f">1</subfield>
         <subfield code="g">0</subfield>
         <subfield code="h">N</subfield>
         <subfield code="i">0</subfield>
         <subfield code="j">SMALL</subfield>
         <subfield code="k">0</subfield>
      </datafield>
      <marc:datafield tag="852" ind1=" " ind2=" ">
         <marc:subfield code="b">Institute for the Study of the Ancient World, </marc:subfield>
         <marc:subfield code="c">Small Collection</marc:subfield>
         <marc:subfield code="e">15 East 84th St., </marc:subfield>
         <marc:subfield code="e">New York, NY  10028</marc:subfield>
      </marc:datafield>
   </record>