
  
  
  
  
  
  
  
  
  
  
  
  
 
  
  <record xsi:schemaLocation="http://www.loc.gov/MARC21/slim http://www.loc.gov/standards/marcxml/schema/MARC21slim.xsd">
      <leader>00000cam a22005537a 4500</leader>
      <controlfield tag="FMT">BK</controlfield>
      <controlfield tag="LDR">00000cam a22005537a 4500</controlfield>
      <controlfield tag="001">004548724</controlfield>
      <controlfield tag="003">OCoLC</controlfield>
      <controlfield tag="005">20170307115014.0</controlfield>
      <controlfield tag="008">160809t20152015xxu      b    001 0 eng d</controlfield>
      <datafield tag="010" ind1=" " ind2=" ">
         <subfield code="a">2015463964</subfield>
      </datafield>
      <datafield tag="020" ind1=" " ind2=" ">
         <subfield code="a">9780890056288</subfield>
      </datafield>
      <datafield tag="020" ind1=" " ind2=" ">
         <subfield code="a">0890056285</subfield>
      </datafield>
      <datafield tag="020" ind1=" " ind2=" ">
         <subfield code="a">9780578174884</subfield>
         <subfield code="q">(paperback)</subfield>
      </datafield>
      <datafield tag="020" ind1=" " ind2=" ">
         <subfield code="a">057817488X</subfield>
         <subfield code="q">(paperback)</subfield>
      </datafield>
      <datafield tag="020" ind1=" " ind2=" ">
         <subfield code="z">9780890056285</subfield>
      </datafield>
      <datafield tag="035" ind1=" " ind2=" ">
         <subfield code="a">(OCoLC)920657131</subfield>
      </datafield>
      <datafield tag="040" ind1=" " ind2=" ">
         <subfield code="a">YDXCP</subfield>
         <subfield code="b">eng</subfield>
         <subfield code="c">DLC</subfield>
         <subfield code="d">YDXCP</subfield>
         <subfield code="d">DDO</subfield>
         <subfield code="d">CLU</subfield>
         <subfield code="d">OCLCF</subfield>
         <subfield code="d">GZM</subfield>
         <subfield code="d">BBH</subfield>
         <subfield code="d">NUI</subfield>
         <subfield code="d">IHT</subfield>
         <subfield code="d">HEBIS</subfield>
         <subfield code="d">OCLCO</subfield>
         <subfield code="d">OCLCA</subfield>
         <subfield code="d">OCLCQ</subfield>
         <subfield code="d">ZYU</subfield>
      </datafield>
      <datafield tag="042" ind1=" " ind2=" ">
         <subfield code="a">lccopycat</subfield>
      </datafield>
      <datafield tag="043" ind1=" " ind2=" ">
         <subfield code="a">mm-----</subfield>
      </datafield>
      <datafield tag="050" ind1="0" ind2="0">
         <subfield code="a">HF3750.7</subfield>
         <subfield code="b">.T73 2015</subfield>
      </datafield>
      <datafield tag="245" ind1="0" ind2="0">
         <subfield code="a">Traders in the ancient mediterranean /</subfield>
         <subfield code="c">edited by Timothy Howe.</subfield>
      </datafield>
      <datafield tag="264" ind1=" " ind2="1">
         <subfield code="a">[United States] :</subfield>
         <subfield code="b">Association of Ancient Historians,</subfield>
         <subfield code="c">2015.</subfield>
      </datafield>
      <datafield tag="264" ind1=" " ind2="4">
         <subfield code="c">©2015</subfield>
      </datafield>
      <datafield tag="300" ind1=" " ind2=" ">
         <subfield code="a">236 pages ;</subfield>
         <subfield code="c">23 cm.</subfield>
      </datafield>
      <datafield tag="336" ind1=" " ind2=" ">
         <subfield code="a">text</subfield>
         <subfield code="b">txt</subfield>
         <subfield code="2">rdacontent</subfield>
      </datafield>
      <datafield tag="337" ind1=" " ind2=" ">
         <subfield code="a">unmediated</subfield>
         <subfield code="b">n</subfield>
         <subfield code="2">rdamedia</subfield>
      </datafield>
      <datafield tag="338" ind1=" " ind2=" ">
         <subfield code="a">volume</subfield>
         <subfield code="b">nc</subfield>
         <subfield code="2">rdacarrier</subfield>
      </datafield>
      <datafield tag="490" ind1="1" ind2=" ">
         <subfield code="a">Publications of the Association of Ancient Historians ;</subfield>
         <subfield code="v">11</subfield>
      </datafield>
      <datafield tag="504" ind1=" " ind2=" ">
         <subfield code="a">Includes bibliographical references (pages 174-215) and index.</subfield>
      </datafield>
      <datafield tag="505" ind1="0" ind2="0">
         <subfield code="t">Introduction /</subfield>
         <subfield code="r">Timothy Howe --</subfield>
         <subfield code="t">Tangled up in blue : material and other relations of exchange in the Late Bronze Age world /</subfield>
         <subfield code="r">Christopher Monroe --</subfield>
         <subfield code="t">Traders in the archaic and classical Greek Koine /</subfield>
         <subfield code="r">David W. Tandy --</subfield>
         <subfield code="t">A hand anything but hidden : institutions and markets in first millennium BCE Mesopotamia /</subfield>
         <subfield code="r">Michael Kozuh --</subfield>
         <subfield code="t">Hellenistic traders /</subfield>
         <subfield code="r">J.G. Manning --</subfield>
         <subfield code="t">Risky business : traders in the Roman world /</subfield>
         <subfield code="r">David Hollander.</subfield>
      </datafield>
      <datafield tag="520" ind1=" " ind2=" ">
         <subfield code="a">Traders in the Ancient Mediterranean presents a framework on which to hang ancient Mediterranean buying, selling, and transporting of goods. In five focused chapters, each written by a field expert, Traders in the Ancient Mediterranean offers a diachronic analysis of the ancient Mediterranean trader from the Late Bronze Age (1500-1100 BCE) through the Roman Imperial period (27 BCE-400 CE). The book focuses on local traditions, embedded historical context and socio-political goals of traders as individual actors, to provide an analysis of the impact of trade on ancient Mediterranean life beyond the traditional boundaries of the economy. As a result, two main types of behavior are analyzed, inter-regional and regional. The political and social developments of the Late Bronze Age and the Hellenistic and Roman periods, characterized by the rise of large multi-regional empires such as Assyria, Babylon, New Kingdom Egypt, Seleucid Syria and Ptolemaic Egypt, facilitated increased volume and demand for long-distance, extra-mural trade. Alternatively, the regionalism of Early Iron Age communities such as the Greek, Etruscan and Phoenician city-states tended to encourage focused exchange onto smaller, local networks to such as degree that larger structures, and longer distance trade were slow to form and thrive. A conclusion that all regions share, however is that ancient Mediterranean traders maintained a general disregard for the "laws" of supply and demand. Their behavior was dominated by intense official interference (and even competition) by revenue-hungry political entities. Consequently, for the ancient trader and the consumers he (or occasionally she) serviced, the prices of movable goods were always volatile, high risk was always a factor, and the integration of markets into an ordered economy superficial and tentative. --</subfield>
         <subfield code="c">Amazon.</subfield>
      </datafield>
      <datafield tag="651" ind1=" " ind2="0">
         <subfield code="a">Mediterranean Region</subfield>
         <subfield code="x">Commerce.</subfield>
      </datafield>
      <datafield tag="650" ind1=" " ind2="0">
         <subfield code="a">Commerce</subfield>
         <subfield code="x">History</subfield>
         <subfield code="y">To 500.</subfield>
      </datafield>
      <datafield tag="651" ind1=" " ind2="7">
         <subfield code="a">Internum Mare.</subfield>
         <subfield code="2">pleiades</subfield>
         <subfield code="0">https://pleiades.stoa.org/places/1043</subfield>
         <subfield code="5">NyNyUAW</subfield>
      </datafield>
      <datafield tag="650" ind1=" " ind2="7">
         <subfield code="a">Commerce.</subfield>
         <subfield code="2">fast</subfield>
         <subfield code="0">(OCoLC)fst00869279</subfield>
      </datafield>
      <datafield tag="651" ind1=" " ind2="7">
         <subfield code="a">Mediterranean Region.</subfield>
         <subfield code="2">fast</subfield>
         <subfield code="0">(OCoLC)fst01239752</subfield>
      </datafield>
      <datafield tag="648" ind1=" " ind2="7">
         <subfield code="a">To 500.</subfield>
         <subfield code="2">fast</subfield>
      </datafield>
      <datafield tag="655" ind1=" " ind2="7">
         <subfield code="a">History.</subfield>
         <subfield code="2">fast</subfield>
         <subfield code="0">(OCoLC)fst01411628</subfield>
      </datafield>
      <datafield tag="700" ind1="1" ind2=" ">
         <subfield code="a">Howe, Timothy,</subfield>
         <subfield code="e">editor.</subfield>
      </datafield>
      <datafield tag="830" ind1=" " ind2="0">
         <subfield code="a">Publications of the Association of Ancient Historians ;</subfield>
         <subfield code="v">11.</subfield>
      </datafield>
      <datafield tag="OWN" ind1=" " ind2=" ">
         <subfield code="a">GENERAL</subfield>
      </datafield>
      <datafield tag="AVA" ind1=" " ind2=" ">
         <subfield code="a">NYU50</subfield>
         <subfield code="b">NISAW</subfield>
         <subfield code="c">Small Collection</subfield>
         <subfield code="d">HF3750.7 .T73 2015 Non-circulating</subfield>
         <subfield code="e">available</subfield>
         <subfield code="t">Available</subfield>
         <subfield code="f">1</subfield>
         <subfield code="g">0</subfield>
         <subfield code="h">N</subfield>
         <subfield code="i">0</subfield>
         <subfield code="j">SMALL</subfield>
         <subfield code="k">0</subfield>
      </datafield>
      <marc:datafield tag="852" ind1=" " ind2=" ">
         <marc:subfield code="b">Institute for the Study of the Ancient World, </marc:subfield>
         <marc:subfield code="c">Small Collection</marc:subfield>
         <marc:subfield code="e">15 East 84th St., </marc:subfield>
         <marc:subfield code="e">New York, NY  10028</marc:subfield>
      </marc:datafield>
   </record>