
  
  
  
  
  
  
  
  
  
  
 
  
  <record xsi:schemaLocation="http://www.loc.gov/MARC21/slim http://www.loc.gov/standards/marcxml/schema/MARC21slim.xsd">
      <leader>00000cam a2200541 a 4500</leader>
      <controlfield tag="FMT">BK</controlfield>
      <controlfield tag="LDR">00000cam a2200541 a 4500</controlfield>
      <controlfield tag="001">004548855</controlfield>
      <controlfield tag="003">OCoLC</controlfield>
      <controlfield tag="005">20170227112823.0</controlfield>
      <controlfield tag="008">170112s1986    fr a     b    000 0 fre</controlfield>
      <datafield tag="010" ind1=" " ind2=" ">
         <subfield code="a">87203007</subfield>
      </datafield>
      <datafield tag="016" ind1="7" ind2=" ">
         <subfield code="a">011421568</subfield>
         <subfield code="2">Uk</subfield>
      </datafield>
      <datafield tag="020" ind1=" " ind2=" ">
         <subfield code="a">2903264414</subfield>
      </datafield>
      <datafield tag="020" ind1=" " ind2=" ">
         <subfield code="a">9782903264413</subfield>
      </datafield>
      <datafield tag="035" ind1=" " ind2=" ">
         <subfield code="a">(OCoLC)17603768</subfield>
      </datafield>
      <datafield tag="040" ind1=" " ind2=" ">
         <subfield code="a">DLC</subfield>
         <subfield code="b">eng</subfield>
         <subfield code="c">DLC</subfield>
         <subfield code="d">CLU</subfield>
         <subfield code="d">RLINP</subfield>
         <subfield code="d">OCLCG</subfield>
         <subfield code="d">OCLCO</subfield>
         <subfield code="d">OCLCA</subfield>
         <subfield code="d">OCLCF</subfield>
         <subfield code="d">UKMGB</subfield>
         <subfield code="d">OCLCQ</subfield>
         <subfield code="d">NNU</subfield>
      </datafield>
      <datafield tag="041" ind1="0" ind2=" ">
         <subfield code="a">fre</subfield>
         <subfield code="a">eng</subfield>
      </datafield>
      <datafield tag="043" ind1=" " ind2=" ">
         <subfield code="a">a-ku---</subfield>
      </datafield>
      <datafield tag="050" ind1="0" ind2="0">
         <subfield code="a">DS247.F343</subfield>
         <subfield code="b">F35 1986</subfield>
      </datafield>
      <datafield tag="079" ind1=" " ind2=" ">
         <subfield code="a">(OCoLC)17603768</subfield>
      </datafield>
      <datafield tag="082" ind1="0" ind2="0">
         <subfield code="a">939/.49</subfield>
         <subfield code="2">20</subfield>
      </datafield>
      <datafield tag="245" ind1="0" ind2="0">
         <subfield code="a">Failaka :</subfield>
         <subfield code="b">fouilles françaises, 1984-1985 /</subfield>
         <subfield code="c">sous la direction d'Yves Calvet et Jean-François Salles ; avec la collaboration de Dominique Beyer [and others].</subfield>
      </datafield>
      <datafield tag="260" ind1=" " ind2=" ">
         <subfield code="a">Lyon :</subfield>
         <subfield code="b">GS-Maison de l'Orient ;</subfield>
         <subfield code="a">Paris :</subfield>
         <subfield code="b">Diffusion de Boccard,</subfield>
         <subfield code="c">1986.</subfield>
      </datafield>
      <datafield tag="300" ind1=" " ind2=" ">
         <subfield code="a">333 pages :</subfield>
         <subfield code="b">illustrations ;</subfield>
         <subfield code="c">30 cm.</subfield>
      </datafield>
      <datafield tag="336" ind1=" " ind2=" ">
         <subfield code="a">text</subfield>
         <subfield code="b">txt</subfield>
         <subfield code="2">rdacontent</subfield>
      </datafield>
      <datafield tag="337" ind1=" " ind2=" ">
         <subfield code="a">unmediated</subfield>
         <subfield code="b">n</subfield>
         <subfield code="2">rdamedia</subfield>
      </datafield>
      <datafield tag="338" ind1=" " ind2=" ">
         <subfield code="a">volume</subfield>
         <subfield code="b">nc</subfield>
         <subfield code="2">rdacarrier</subfield>
      </datafield>
      <datafield tag="490" ind1="1" ind2=" ">
         <subfield code="a">Travaux de la Maison de l'Orient,</subfield>
         <subfield code="x">0766-0510 ;</subfield>
         <subfield code="v">no 12</subfield>
      </datafield>
      <datafield tag="500" ind1=" " ind2=" ">
         <subfield code="a">English and French in parallel columns.</subfield>
      </datafield>
      <datafield tag="500" ind1=" " ind2=" ">
         <subfield code="a">Based on archeological digs by the Mission archéologique française à Koweit.</subfield>
      </datafield>
      <datafield tag="504" ind1=" " ind2=" ">
         <subfield code="a">Includes bibliographical references.</subfield>
      </datafield>
      <datafield tag="505" ind1="0" ind2="0">
         <subfield code="t">Tell F 6.</subfield>
         <subfield code="t">Un nouveau bâtiment de l'Age du Bronze sur le Tell F 6 /</subfield>
         <subfield code="r">Yves Calvet et Marielle Pic --</subfield>
         <subfield code="t">Les sceaux /</subfield>
         <subfield code="r">Dominique Beyer --</subfield>
         <subfield code="t">Un fragment de vase inscrit /</subfield>
         <subfield code="r">Yves Calvet et Jean-Jacques Glassner.</subfield>
         <subfield code="t">Tell Khazneh.</subfield>
         <subfield code="t">Les fouilles de Tell Khazneh /</subfield>
         <subfield code="r">Jean-François Salles --</subfield>
         <subfield code="t">Tell Khazneh : les figurines en terre cuite /</subfield>
         <subfield code="r">Jean-François Salles --</subfield>
         <subfield code="t">La céramique de Tell Khazneh /</subfield>
         <subfield code="r">Jean-François Salles --</subfield>
         <subfield code="t">Petits objets de Tell Khazneh /</subfield>
         <subfield code="r">Jean-François Salles --</subfield>
         <subfield code="t">Une inscription grecque de Tell Khazneh /</subfield>
         <subfield code="r">Jean Marcillet-Jaubert --</subfield>
         <subfield code="t">Les "inscriptions" en écriture sud-arabique /</subfield>
         <subfield code="r">Christian Robin --</subfield>
         <subfield code="t">Une inscription araméenne de Tell Khazneh /</subfield>
         <subfield code="r">Maurice Sznycer --</subfield>
         <subfield code="t">Une coupe à boire en argent et ses accessoires à Tell Khazneh /</subfield>
         <subfield code="r">Pierre Lombard --</subfield>
         <subfield code="t">Trouvailles monétaires de Tell Khazneh /</subfield>
         <subfield code="r">Olivier Callot.</subfield>
         <subfield code="t">Tell F 5.</subfield>
         <subfield code="t">Chantier F5: rapport préliminaire 1985 /</subfield>
         <subfield code="r">Jacqueline Gachet et Jean-François Salles.</subfield>
      </datafield>
      <datafield tag="651" ind1=" " ind2="0">
         <subfield code="a">Failaka Island (Kuwait)</subfield>
         <subfield code="x">Antiquities.</subfield>
      </datafield>
      <datafield tag="650" ind1=" " ind2="0">
         <subfield code="a">Excavations (Archaeology)</subfield>
         <subfield code="z">Kuwait</subfield>
         <subfield code="z">Failaka Island.</subfield>
      </datafield>
      <datafield tag="651" ind1=" " ind2="0">
         <subfield code="a">Kuwait</subfield>
         <subfield code="x">Antiquities.</subfield>
      </datafield>
      <datafield tag="651" ind1=" " ind2="7">
         <subfield code="a">Failaka/Tell Khazne.</subfield>
         <subfield code="2">pleiades</subfield>
         <subfield code="0">https://pleiades.stoa.org/places/912851</subfield>
         <subfield code="5">NyNyUAW</subfield>
      </datafield>
      <datafield tag="650" ind1=" " ind2="7">
         <subfield code="a">Antiquities.</subfield>
         <subfield code="2">fast</subfield>
         <subfield code="0">(OCoLC)fst00810745</subfield>
      </datafield>
      <datafield tag="650" ind1=" " ind2="7">
         <subfield code="a">Excavations (Archaeology)</subfield>
         <subfield code="2">fast</subfield>
         <subfield code="0">(OCoLC)fst00917564</subfield>
      </datafield>
      <datafield tag="651" ind1=" " ind2="7">
         <subfield code="a">Kuwait.</subfield>
         <subfield code="2">fast</subfield>
         <subfield code="0">(OCoLC)fst01208566</subfield>
      </datafield>
      <datafield tag="651" ind1=" " ind2="7">
         <subfield code="a">Kuwait</subfield>
         <subfield code="z">Failaka Island.</subfield>
         <subfield code="2">fast</subfield>
         <subfield code="0">(OCoLC)fst01245471</subfield>
      </datafield>
      <datafield tag="650" ind1=" " ind2="7">
         <subfield code="a">Fouilles (archéologie)</subfield>
         <subfield code="z">Koweït</subfield>
         <subfield code="z">Faylakah (île)</subfield>
         <subfield code="2">ram</subfield>
      </datafield>
      <datafield tag="651" ind1=" " ind2="7">
         <subfield code="a">Faylakah (Koweït ; île)</subfield>
         <subfield code="x">Antiquités.</subfield>
         <subfield code="2">ram</subfield>
      </datafield>
      <datafield tag="700" ind1="1" ind2=" ">
         <subfield code="a">Calvet, Yves.</subfield>
      </datafield>
      <datafield tag="700" ind1="1" ind2=" ">
         <subfield code="a">Salles, Jean-François,</subfield>
         <subfield code="d">1944-</subfield>
      </datafield>
      <datafield tag="700" ind1="1" ind2=" ">
         <subfield code="a">Beyer, Dominique.</subfield>
      </datafield>
      <datafield tag="710" ind1="2" ind2=" ">
         <subfield code="a">Mission archéologique française à Koweit.</subfield>
      </datafield>
      <datafield tag="830" ind1=" " ind2="0">
         <subfield code="a">Travaux de la Maison de l'Orient ;</subfield>
         <subfield code="v">no 12.</subfield>
         <subfield code="x">0766-0510</subfield>
      </datafield>
      <datafield tag="994" ind1=" " ind2=" ">
         <subfield code="a">Z0</subfield>
         <subfield code="b">ZYU</subfield>
      </datafield>
      <datafield tag="OWN" ind1=" " ind2=" ">
         <subfield code="a">GENERAL</subfield>
      </datafield>
      <datafield tag="AVA" ind1=" " ind2=" ">
         <subfield code="a">NYU50</subfield>
         <subfield code="b">NISAW</subfield>
         <subfield code="c">Large Collection</subfield>
         <subfield code="d">DS247.F343 F35 1986 Non-circulating</subfield>
         <subfield code="e">available</subfield>
         <subfield code="t">Available</subfield>
         <subfield code="f">1</subfield>
         <subfield code="g">0</subfield>
         <subfield code="h">N</subfield>
         <subfield code="i">0</subfield>
         <subfield code="j">LARGE</subfield>
         <subfield code="k">0</subfield>
      </datafield>
      <marc:datafield tag="852" ind1=" " ind2=" ">
         <marc:subfield code="b">Institute for the Study of the Ancient World, </marc:subfield>
         <marc:subfield code="c">Large Collection</marc:subfield>
         <marc:subfield code="e">15 East 84th St., </marc:subfield>
         <marc:subfield code="e">New York, NY  10028</marc:subfield>
      </marc:datafield>
   </record>