
  
  
  
  
  
  
  
  
  
  
 
  
  <record xsi:schemaLocation="http://www.loc.gov/MARC21/slim http://www.loc.gov/standards/marcxml/schema/MARC21slim.xsd">
      <leader>00000cam a22     Ii 4500</leader>
      <controlfield tag="FMT">BK</controlfield>
      <controlfield tag="LDR">00000cam a22     Ii 4500</controlfield>
      <controlfield tag="001">004569283</controlfield>
      <controlfield tag="005">20170203165053.0</controlfield>
      <controlfield tag="008">170118s2016    xxka     b    001 0 eng d</controlfield>
      <datafield tag="020" ind1=" " ind2=" ">
         <subfield code="a">0957635621</subfield>
      </datafield>
      <datafield tag="020" ind1=" " ind2=" ">
         <subfield code="a">9780957635623</subfield>
      </datafield>
      <datafield tag="035" ind1=" " ind2=" ">
         <subfield code="a">(OCoLC)951226999</subfield>
      </datafield>
      <datafield tag="040" ind1=" " ind2=" ">
         <subfield code="a">YDXCP</subfield>
         <subfield code="b">eng</subfield>
         <subfield code="e">rda</subfield>
         <subfield code="c">YDXCP</subfield>
         <subfield code="d">EQO</subfield>
         <subfield code="d">OCLCO</subfield>
         <subfield code="d">OCLCF</subfield>
         <subfield code="d">ZYU</subfield>
      </datafield>
      <datafield tag="043" ind1=" " ind2=" ">
         <subfield code="a">f-ua---</subfield>
      </datafield>
      <datafield tag="050" ind1=" " ind2="4">
         <subfield code="a">DT62.O2</subfield>
         <subfield code="b">P45 2016</subfield>
      </datafield>
      <datafield tag="079" ind1=" " ind2=" ">
         <subfield code="a">(OCoLC)951226999</subfield>
      </datafield>
      <datafield tag="245" ind1="0" ind2="4">
         <subfield code="a">The Philae obelisk :</subfield>
         <subfield code="b">tales from Egypt, Dorset and outer space /</subfield>
         <subfield code="c">edited by Jane Masséglia.</subfield>
      </datafield>
      <datafield tag="264" ind1=" " ind2="1">
         <subfield code="a">Oxford, UK :</subfield>
         <subfield code="b">The Centre For The Study of Ancient Documents,</subfield>
         <subfield code="c">[2016]</subfield>
      </datafield>
      <datafield tag="300" ind1=" " ind2=" ">
         <subfield code="a">63 pages :</subfield>
         <subfield code="b">illustrations (some color) ;</subfield>
         <subfield code="c">21 cm</subfield>
      </datafield>
      <datafield tag="336" ind1=" " ind2=" ">
         <subfield code="a">text</subfield>
         <subfield code="b">txt</subfield>
         <subfield code="2">rdacontent</subfield>
      </datafield>
      <datafield tag="337" ind1=" " ind2=" ">
         <subfield code="a">unmediated</subfield>
         <subfield code="b">n</subfield>
         <subfield code="2">rdamedia</subfield>
      </datafield>
      <datafield tag="338" ind1=" " ind2=" ">
         <subfield code="a">volume</subfield>
         <subfield code="b">nc</subfield>
         <subfield code="2">rdacarrier</subfield>
      </datafield>
      <datafield tag="504" ind1=" " ind2=" ">
         <subfield code="a">Includes bibliographical references and index.</subfield>
      </datafield>
      <datafield tag="505" ind1="0" ind2="0">
         <subfield code="g">Part 1.</subfield>
         <subfield code="t">The Obelisk in Antiquity.</subfield>
         <subfield code="t">The Power of Inscriptions in Ptolemaic Egypt /</subfield>
         <subfield code="r">Alan Bowman --</subfield>
         <subfield code="t">The Greek Pharaohs Behind the Obelisk /</subfield>
         <subfield code="r">Kyriakos Savvopoulos --</subfield>
         <subfield code="t">The Island-Sanctuary of Philae --</subfield>
         <subfield code="t">Jane Masséglia.</subfield>
         <subfield code="g">Part 2.</subfield>
         <subfield code="t">The Obelisk in the 19th Century.</subfield>
         <subfield code="t">William Bankes and the Voyage of the Philae Obelisk /</subfield>
         <subfield code="r">Patricia Usick --</subfield>
         <subfield code="t">The Philae Obelisk and the Decipherment of Hieroglyphs /</subfield>
         <subfield code="r">Rachel Mairs.</subfield>
         <subfield code="g">Part III.</subfield>
         <subfield code="t">The Obelisk in the 21st Century.</subfield>
         <subfield code="t">Shining New Light on the Philae Obelisk: New Research with RTI /</subfield>
         <subfield code="r">Lindsay MacDonald, Charles Crowther and Benjamin Altshuler --</subfield>
         <subfield code="t">Tales from the Scaffold: the RTI Diaries /</subfield>
         <subfield code="r">Sarah Norodom --</subfield>
         <subfield code="t">3D-Scanning the Philae Obelisk /</subfield>
         <subfield code="r">Andrew Cuffley --</subfield>
         <subfield code="t">New Translations of the Philae Obelisk Inscriptions /</subfield>
         <subfield code="r">Rachel Mairs and Alan Bowman --</subfield>
         <subfield code="t">The Philae Lander of the Rosetta Comentary Misson /</subfield>
         <subfield code="r">Ian Wright and Judith Phillinger.</subfield>
      </datafield>
      <datafield tag="500" ind1=" " ind2=" ">
         <subfield code="a">ISAW copy is a gift of Roger S. Bagnall.</subfield>
         <subfield code="5">NyNyUAW</subfield>
      </datafield>
      <datafield tag="650" ind1=" " ind2="0">
         <subfield code="a">Obelisks</subfield>
         <subfield code="z">Egypt</subfield>
         <subfield code="z">Miscellanea.</subfield>
      </datafield>
      <datafield tag="650" ind1=" " ind2="0">
         <subfield code="a">Inscriptions, Greek</subfield>
         <subfield code="z">Egypt.</subfield>
      </datafield>
      <datafield tag="651" ind1=" " ind2="0">
         <subfield code="a">Philae (Egypt)</subfield>
         <subfield code="x">Antiquities.</subfield>
      </datafield>
      <datafield tag="650" ind1=" " ind2="7">
         <subfield code="a">Antiquities.</subfield>
         <subfield code="2">fast</subfield>
         <subfield code="0">(OCoLC)fst00810745</subfield>
      </datafield>
      <datafield tag="650" ind1=" " ind2="7">
         <subfield code="a">Obelisks.</subfield>
         <subfield code="2">fast</subfield>
         <subfield code="0">(OCoLC)fst01042726</subfield>
      </datafield>
      <datafield tag="651" ind1=" " ind2="7">
         <subfield code="a">Egypt.</subfield>
         <subfield code="2">fast</subfield>
         <subfield code="0">(OCoLC)fst01208755</subfield>
      </datafield>
      <datafield tag="651" ind1=" " ind2="7">
         <subfield code="a">Egypt</subfield>
         <subfield code="z">Philae.</subfield>
         <subfield code="2">fast</subfield>
         <subfield code="0">(OCoLC)fst01242556</subfield>
      </datafield>
      <datafield tag="655" ind1=" " ind2="7">
         <subfield code="a">Miscellanea.</subfield>
         <subfield code="2">fast</subfield>
         <subfield code="0">(OCoLC)fst01423854</subfield>
      </datafield>
      <datafield tag="651" ind1=" " ind2="7">
         <subfield code="a">Philae.</subfield>
         <subfield code="2">pleiades</subfield>
         <subfield code="0">https://pleiades.stoa.org/places/786089</subfield>
         <subfield code="5">NyNyUAW</subfield>
      </datafield>
      <datafield tag="700" ind1="1" ind2=" ">
         <subfield code="a">Masséglia, Jane,</subfield>
         <subfield code="d">1980-</subfield>
         <subfield code="e">editor.</subfield>
      </datafield>
      <datafield tag="710" ind1="2" ind2=" ">
         <subfield code="a">University of Oxford.‏ ‎</subfield>
         <subfield code="b">Centre for the Study of Ancient Documents‏,</subfield>
         <subfield code="e">issuing body.</subfield>
      </datafield>
      <datafield tag="700" ind1="1" ind2=" ">
         <subfield code="a">Bagnall, Roger S.,</subfield>
         <subfield code="e">donor.</subfield>
         <subfield code="5">NyNyUAW</subfield>
      </datafield>
      <datafield tag="OWN" ind1=" " ind2=" ">
         <subfield code="a">GENERAL</subfield>
      </datafield>
      <datafield tag="AVA" ind1=" " ind2=" ">
         <subfield code="a">NYU50</subfield>
         <subfield code="b">NISAW</subfield>
         <subfield code="c">Small Collection</subfield>
         <subfield code="d">DT62.O2 P45 2016 Non-circulating</subfield>
         <subfield code="e">available</subfield>
         <subfield code="t">Available</subfield>
         <subfield code="f">1</subfield>
         <subfield code="g">0</subfield>
         <subfield code="h">N</subfield>
         <subfield code="i">0</subfield>
         <subfield code="j">SMALL</subfield>
         <subfield code="k">0</subfield>
      </datafield>
      <marc:datafield tag="852" ind1=" " ind2=" ">
         <marc:subfield code="b">Institute for the Study of the Ancient World, </marc:subfield>
         <marc:subfield code="c">Small Collection</marc:subfield>
         <marc:subfield code="e">15 East 84th St., </marc:subfield>
         <marc:subfield code="e">New York, NY  10028</marc:subfield>
      </marc:datafield>
   </record>