
  
  
  
  
  
  
  
  
  
 
  
  <record xsi:schemaLocation="http://www.loc.gov/MARC21/slim http://www.loc.gov/standards/marcxml/schema/MARC21slim.xsd">
      <leader>00000cam a2202077 i 4500</leader>
      <controlfield tag="FMT">BK</controlfield>
      <controlfield tag="LDR">00000cam a2202077 i 4500</controlfield>
      <controlfield tag="001">001204701</controlfield>
      <controlfield tag="003">OCoLC</controlfield>
      <controlfield tag="005">20170213151312.0</controlfield>
      <controlfield tag="008">840229m19549999enkab    b    001 0 eng</controlfield>
      <datafield tag="010" ind1=" " ind2=" ">
         <subfield code="a">54004723</subfield>
      </datafield>
      <datafield tag="015" ind1=" " ind2=" ">
         <subfield code="a">GB9654810</subfield>
         <subfield code="2">bnb</subfield>
      </datafield>
      <datafield tag="015" ind1=" " ind2=" ">
         <subfield code="a">GB5411079</subfield>
         <subfield code="2">bnb</subfield>
      </datafield>
      <datafield tag="016" ind1="7" ind2=" ">
         <subfield code="a">04030080R</subfield>
         <subfield code="2">DNLM</subfield>
      </datafield>
      <datafield tag="016" ind1="7" ind2=" ">
         <subfield code="a">002615618</subfield>
         <subfield code="2">Uk</subfield>
      </datafield>
      <datafield tag="020" ind1=" " ind2=" ">
         <subfield code="a">052105799X</subfield>
         <subfield code="q">(hbk. ;</subfield>
         <subfield code="q">v. 1)</subfield>
      </datafield>
      <datafield tag="020" ind1=" " ind2=" ">
         <subfield code="a">9780521057998</subfield>
         <subfield code="q">(hbk. ;</subfield>
         <subfield code="q">v. 1)</subfield>
      </datafield>
      <datafield tag="020" ind1=" " ind2=" ">
         <subfield code="z">0521058007</subfield>
         <subfield code="q">(v. 2)</subfield>
      </datafield>
      <datafield tag="020" ind1=" " ind2=" ">
         <subfield code="z">9780521058001</subfield>
         <subfield code="q">(v. 2)</subfield>
      </datafield>
      <datafield tag="020" ind1=" " ind2=" ">
         <subfield code="z">0521058015</subfield>
         <subfield code="q">(v. 3)</subfield>
      </datafield>
      <datafield tag="020" ind1=" " ind2=" ">
         <subfield code="z">9780521058018</subfield>
         <subfield code="q">(v. 3)</subfield>
      </datafield>
      <datafield tag="020" ind1=" " ind2=" ">
         <subfield code="z">0521058023</subfield>
         <subfield code="q">(v. 4, pt. 1)</subfield>
      </datafield>
      <datafield tag="020" ind1=" " ind2=" ">
         <subfield code="z">9780521058025</subfield>
         <subfield code="q">(v. 4, pt. 1)</subfield>
      </datafield>
      <datafield tag="020" ind1=" " ind2=" ">
         <subfield code="z">0521058031</subfield>
         <subfield code="q">(v. 4, pt. 2)</subfield>
      </datafield>
      <datafield tag="020" ind1=" " ind2=" ">
         <subfield code="z">9780521058032</subfield>
         <subfield code="q">(v. 4, pt. 2)</subfield>
      </datafield>
      <datafield tag="020" ind1=" " ind2=" ">
         <subfield code="z">0521070600</subfield>
         <subfield code="q">(v. 4, pt. 3)</subfield>
      </datafield>
      <datafield tag="020" ind1=" " ind2=" ">
         <subfield code="z">9780521070607</subfield>
         <subfield code="q">(v. 4, pt. 3)</subfield>
      </datafield>
      <datafield tag="020" ind1=" " ind2=" ">
         <subfield code="z">0521086906</subfield>
         <subfield code="q">(v. 5, pt. 1)</subfield>
      </datafield>
      <datafield tag="020" ind1=" " ind2=" ">
         <subfield code="z">9780521086905</subfield>
         <subfield code="q">(v. 5, pt. 1)</subfield>
      </datafield>
      <datafield tag="020" ind1=" " ind2=" ">
         <subfield code="z">0521085713</subfield>
         <subfield code="q">(v. 5, pt. 2)</subfield>
      </datafield>
      <datafield tag="020" ind1=" " ind2=" ">
         <subfield code="z">9780521085717</subfield>
         <subfield code="q">(v. 5, pt. 2)</subfield>
      </datafield>
      <datafield tag="020" ind1=" " ind2=" ">
         <subfield code="z">0521210283</subfield>
         <subfield code="q">(v. 5, pt. 3)</subfield>
      </datafield>
      <datafield tag="020" ind1=" " ind2=" ">
         <subfield code="z">9780521210287</subfield>
         <subfield code="q">(v. 5, pt. 3)</subfield>
      </datafield>
      <datafield tag="020" ind1=" " ind2=" ">
         <subfield code="z">052108573X</subfield>
         <subfield code="q">(v. 5, pt. 4)</subfield>
      </datafield>
      <datafield tag="020" ind1=" " ind2=" ">
         <subfield code="z">9780521085731</subfield>
         <subfield code="q">(v. 5, pt. 4)</subfield>
      </datafield>
      <datafield tag="020" ind1=" " ind2=" ">
         <subfield code="z">0521085748</subfield>
         <subfield code="q">(v. 5, pt. 5)</subfield>
      </datafield>
      <datafield tag="020" ind1=" " ind2=" ">
         <subfield code="z">9780521085748</subfield>
         <subfield code="q">(v. 5, pt. 5)</subfield>
      </datafield>
      <datafield tag="020" ind1=" " ind2=" ">
         <subfield code="a">052132727X</subfield>
         <subfield code="q">(v. 5, pt. 6)</subfield>
      </datafield>
      <datafield tag="020" ind1=" " ind2=" ">
         <subfield code="a">9780521327275</subfield>
         <subfield code="q">(v. 5, pt. 6)</subfield>
      </datafield>
      <datafield tag="020" ind1=" " ind2=" ">
         <subfield code="a">0521303583</subfield>
         <subfield code="q">(v. 5, pt. 7)</subfield>
      </datafield>
      <datafield tag="020" ind1=" " ind2=" ">
         <subfield code="a">9780521303583</subfield>
         <subfield code="q">(v. 5, pt. 7)</subfield>
      </datafield>
      <datafield tag="020" ind1=" " ind2=" ">
         <subfield code="a">0521320216</subfield>
         <subfield code="q">(v. 5, pt. 9)</subfield>
      </datafield>
      <datafield tag="020" ind1=" " ind2=" ">
         <subfield code="a">9780521320214</subfield>
         <subfield code="q">(v. 5, pt. 9)</subfield>
      </datafield>
      <datafield tag="020" ind1=" " ind2=" ">
         <subfield code="a">0521875668</subfield>
         <subfield code="q">(v. 5, pt. 11)</subfield>
      </datafield>
      <datafield tag="020" ind1=" " ind2=" ">
         <subfield code="a">9780521875660</subfield>
         <subfield code="q">(v. 5, pt. 11)</subfield>
      </datafield>
      <datafield tag="020" ind1=" " ind2=" ">
         <subfield code="z">0521838339</subfield>
         <subfield code="q">(v. 5, pt. 12)</subfield>
      </datafield>
      <datafield tag="020" ind1=" " ind2=" ">
         <subfield code="z">9780521838337</subfield>
         <subfield code="q">(v. 5, pt. 12)</subfield>
      </datafield>
      <datafield tag="020" ind1=" " ind2=" ">
         <subfield code="z">0521580005</subfield>
         <subfield code="q">(v. 5, pt. 13)</subfield>
      </datafield>
      <datafield tag="020" ind1=" " ind2=" ">
         <subfield code="z">9780521580007</subfield>
         <subfield code="q">(v. 5, pt. 13)</subfield>
      </datafield>
      <datafield tag="020" ind1=" " ind2=" ">
         <subfield code="a">0521087317</subfield>
         <subfield code="q">(v. 6, pt. 1)</subfield>
      </datafield>
      <datafield tag="020" ind1=" " ind2=" ">
         <subfield code="a">9780521087315</subfield>
         <subfield code="q">(v. 6, pt. 1)</subfield>
      </datafield>
      <datafield tag="020" ind1=" " ind2=" ">
         <subfield code="a">0521250765</subfield>
         <subfield code="q">(v. 6, pt. 2)</subfield>
      </datafield>
      <datafield tag="020" ind1=" " ind2=" ">
         <subfield code="a">9780521250764</subfield>
         <subfield code="q">(v. 6, pt. 2)</subfield>
      </datafield>
      <datafield tag="020" ind1=" " ind2=" ">
         <subfield code="a">0521419999</subfield>
         <subfield code="q">(v. 6, pt. 3)</subfield>
      </datafield>
      <datafield tag="020" ind1=" " ind2=" ">
         <subfield code="a">9780521419994</subfield>
         <subfield code="q">(v. 6, pt. 3)</subfield>
      </datafield>
      <datafield tag="020" ind1=" " ind2=" ">
         <subfield code="z">1107109876</subfield>
         <subfield code="q">(v. 6, pt. 4)</subfield>
      </datafield>
      <datafield tag="020" ind1=" " ind2=" ">
         <subfield code="z">9781107109872</subfield>
         <subfield code="q">(v. 6, pt. 4)</subfield>
      </datafield>
      <datafield tag="020" ind1=" " ind2=" ">
         <subfield code="a">0521652707</subfield>
         <subfield code="q">(v. 6, pt. 5)</subfield>
      </datafield>
      <datafield tag="020" ind1=" " ind2=" ">
         <subfield code="a">9780521652704</subfield>
         <subfield code="q">(v. 6, pt. 5)</subfield>
      </datafield>
      <datafield tag="020" ind1=" " ind2=" ">
         <subfield code="a">0521632625</subfield>
         <subfield code="q">(v. 6, pt. 6)</subfield>
      </datafield>
      <datafield tag="020" ind1=" " ind2=" ">
         <subfield code="a">9780521632621</subfield>
         <subfield code="q">(v. 6, pt. 6)</subfield>
      </datafield>
      <datafield tag="020" ind1=" " ind2=" ">
         <subfield code="a">052157143X</subfield>
         <subfield code="q">(v. 7, pt. 1)</subfield>
      </datafield>
      <datafield tag="020" ind1=" " ind2=" ">
         <subfield code="a">9780521571432</subfield>
         <subfield code="q">(v. 7, pt. 1)</subfield>
      </datafield>
      <datafield tag="020" ind1=" " ind2=" ">
         <subfield code="a">0521087325</subfield>
         <subfield code="q">(v. 7, pt. 2)</subfield>
      </datafield>
      <datafield tag="020" ind1=" " ind2=" ">
         <subfield code="a">9780521087322</subfield>
         <subfield code="q">(v. 7, pt. 2)</subfield>
      </datafield>
      <datafield tag="035" ind1=" " ind2=" ">
         <subfield code="a">(OCoLC)779676</subfield>
         <subfield code="z">(OCoLC)412338</subfield>
         <subfield code="z">(OCoLC)21636772</subfield>
         <subfield code="z">(OCoLC)35137216</subfield>
         <subfield code="z">(OCoLC)37560049</subfield>
         <subfield code="z">(OCoLC)85899735</subfield>
         <subfield code="z">(OCoLC)217865717</subfield>
         <subfield code="z">(OCoLC)677912655</subfield>
         <subfield code="z">(OCoLC)678682230</subfield>
         <subfield code="z">(OCoLC)755706867</subfield>
         <subfield code="z">(OCoLC)764567468</subfield>
         <subfield code="z">(OCoLC)783466963</subfield>
         <subfield code="z">(OCoLC)792794654</subfield>
         <subfield code="z">(OCoLC)793418046</subfield>
         <subfield code="z">(OCoLC)794820998</subfield>
         <subfield code="z">(OCoLC)800027250</subfield>
         <subfield code="z">(OCoLC)800307498</subfield>
         <subfield code="z">(OCoLC)816299746</subfield>
         <subfield code="z">(OCoLC)818732885</subfield>
         <subfield code="z">(OCoLC)819507418</subfield>
         <subfield code="z">(OCoLC)828895202</subfield>
         <subfield code="z">(OCoLC)841033964</subfield>
         <subfield code="z">(OCoLC)844461036</subfield>
         <subfield code="z">(OCoLC)847609597</subfield>
         <subfield code="z">(OCoLC)848732665</subfield>
         <subfield code="z">(OCoLC)850860006</subfield>
         <subfield code="z">(OCoLC)852936542</subfield>
         <subfield code="z">(OCoLC)854139186</subfield>
         <subfield code="z">(OCoLC)855189783</subfield>
         <subfield code="z">(OCoLC)856974984</subfield>
         <subfield code="z">(OCoLC)859230660</subfield>
         <subfield code="z">(OCoLC)861544002</subfield>
         <subfield code="z">(OCoLC)864281238</subfield>
         <subfield code="z">(OCoLC)885970165</subfield>
         <subfield code="z">(OCoLC)939408931</subfield>
         <subfield code="z">(OCoLC)964597192</subfield>
         <subfield code="z">(OCoLC)966390025</subfield>
         <subfield code="z">(OCoLC)966843891</subfield>
         <subfield code="z">(OCoLC)971012352</subfield>
      </datafield>
      <datafield tag="040" ind1=" " ind2=" ">
         <subfield code="a">DLC</subfield>
         <subfield code="b">eng</subfield>
         <subfield code="c">DLC</subfield>
         <subfield code="d">AGL</subfield>
         <subfield code="d">NLM</subfield>
         <subfield code="d">UKM</subfield>
         <subfield code="d">ZQP</subfield>
         <subfield code="d">BAKER</subfield>
         <subfield code="d">CUY</subfield>
         <subfield code="d">EL$-</subfield>
         <subfield code="d">NLGGC</subfield>
         <subfield code="d">BTCTA</subfield>
         <subfield code="d">YDXCP</subfield>
         <subfield code="d">OCLCG</subfield>
         <subfield code="d">MLN</subfield>
         <subfield code="d">CUN</subfield>
         <subfield code="d">ZWZ</subfield>
         <subfield code="d">OCLCQ</subfield>
         <subfield code="d">RV8</subfield>
         <subfield code="d">IG#</subfield>
         <subfield code="d">UKMGB</subfield>
         <subfield code="d">BDX</subfield>
         <subfield code="d">TPH</subfield>
         <subfield code="d">OCLCO</subfield>
         <subfield code="d">OCLCF</subfield>
         <subfield code="d">FHC</subfield>
         <subfield code="d">P4I</subfield>
         <subfield code="d">OCLCQ</subfield>
         <subfield code="d">OCLCO</subfield>
         <subfield code="d">SZT</subfield>
         <subfield code="d">NIALS</subfield>
         <subfield code="d">EUX</subfield>
         <subfield code="d">OCLCQ</subfield>
         <subfield code="d">SUC</subfield>
         <subfield code="d">DRU</subfield>
         <subfield code="d">OCLCO</subfield>
         <subfield code="d">CDS</subfield>
         <subfield code="d">ZLM</subfield>
         <subfield code="d">CAUOI</subfield>
         <subfield code="d">OCLCO</subfield>
         <subfield code="d">CGU</subfield>
         <subfield code="d">OCLCO</subfield>
         <subfield code="d">OCLCQ</subfield>
         <subfield code="d">OCLCO</subfield>
         <subfield code="d">ORU</subfield>
         <subfield code="d">XFFBL</subfield>
         <subfield code="d">IAD</subfield>
         <subfield code="d">IOD</subfield>
         <subfield code="d">IBP</subfield>
         <subfield code="d">OCLCO</subfield>
         <subfield code="d">OCLCA</subfield>
         <subfield code="d">ZYU</subfield>
         <subfield code="d">I8M</subfield>
         <subfield code="d">ZYU</subfield>
      </datafield>
      <datafield tag="041" ind1="0" ind2=" ">
         <subfield code="a">eng</subfield>
         <subfield code="a">chi</subfield>
      </datafield>
      <datafield tag="043" ind1=" " ind2=" ">
         <subfield code="a">a-cc---</subfield>
      </datafield>
      <datafield tag="050" ind1="0" ind2="0">
         <subfield code="a">DS721</subfield>
         <subfield code="b">.N39</subfield>
      </datafield>
      <datafield tag="050" ind1="1" ind2="4">
         <subfield code="a">Q127.C5</subfield>
         <subfield code="b">N3</subfield>
      </datafield>
      <datafield tag="060" ind1="0" ind2="0">
         <subfield code="a">Q 127.C6</subfield>
         <subfield code="b">N374s</subfield>
      </datafield>
      <datafield tag="070" ind1="0" ind2=" ">
         <subfield code="a">DS721.N39</subfield>
      </datafield>
      <datafield tag="072" ind1=" " ind2="0">
         <subfield code="a">X800</subfield>
      </datafield>
      <datafield tag="079" ind1=" " ind2=" ">
         <subfield code="a">(OCoLC)779676</subfield>
      </datafield>
      <datafield tag="082" ind1="0" ind2="0">
         <subfield code="a">509.51</subfield>
         <subfield code="2">19</subfield>
      </datafield>
      <datafield tag="084" ind1=" " ind2=" ">
         <subfield code="a">30.01</subfield>
         <subfield code="2">bcl</subfield>
      </datafield>
      <datafield tag="100" ind1="1" ind2=" ">
         <subfield code="a">Needham, Joseph,</subfield>
         <subfield code="d">1900-1995,</subfield>
         <subfield code="e">author.</subfield>
      </datafield>
      <datafield tag="245" ind1="1" ind2="0">
         <subfield code="a">Science and civilisation in China /</subfield>
         <subfield code="c">by Joseph Needham.</subfield>
      </datafield>
      <datafield tag="264" ind1=" " ind2="1">
         <subfield code="a">Cambridge [England] :</subfield>
         <subfield code="b">University Press,</subfield>
         <subfield code="c">1954-&lt;2015&gt;</subfield>
      </datafield>
      <datafield tag="300" ind1=" " ind2=" ">
         <subfield code="a">&lt;volumes 1-4; volumes 5, parts 1-7, 9, 11-13; volumes 6, parts 1-6; volumes 7, part 1-2 in 25&gt; :</subfield>
         <subfield code="b">illustrations, maps (some folded) ;</subfield>
         <subfield code="c">26 cm</subfield>
      </datafield>
      <datafield tag="336" ind1=" " ind2=" ">
         <subfield code="a">text</subfield>
         <subfield code="b">txt</subfield>
         <subfield code="2">rdacontent</subfield>
      </datafield>
      <datafield tag="337" ind1=" " ind2=" ">
         <subfield code="a">unmediated</subfield>
         <subfield code="b">n</subfield>
         <subfield code="2">rdamedia</subfield>
      </datafield>
      <datafield tag="338" ind1=" " ind2=" ">
         <subfield code="a">volume</subfield>
         <subfield code="b">nc</subfield>
         <subfield code="2">rdacarrier</subfield>
      </datafield>
      <datafield tag="500" ind1=" " ind2=" ">
         <subfield code="a">Half title of v. 5, pt. 6, 9, 11, 13, v. 6, pt. 3, v. 7, pt. 1-2 in Chinese characters: Zhongguo ke xue ji shu shi.</subfield>
      </datafield>
      <datafield tag="500" ind1=" " ind2=" ">
         <subfield code="a">Volume 6, pt. 4 mislabeled on spine as: "vol. IV:4."</subfield>
      </datafield>
      <datafield tag="500" ind1=" " ind2=" ">
         <subfield code="a">"Joseph Needham directly supervised the publication of seventeen books in the Science and Civilisation series, from the first volume, which appeared in 1954, through to Volume 6, Part III, which was in press at the time of his death in march 1995. The planning and preparation of further volumes continues. Responsibility for the commissioning and approval of work for publication in the series is now taken by the Publications Board of the Needham Research Institute in Cambridge."--Preliminary page, v. 6 pt. 4.</subfield>
      </datafield>
      <datafield tag="504" ind1=" " ind2=" ">
         <subfield code="a">Includes bibliographical references and indexes.</subfield>
      </datafield>
      <datafield tag="505" ind1="0" ind2="0">
         <subfield code="g">Volume 1.</subfield>
         <subfield code="t">Introductory orientations --</subfield>
         <subfield code="g">Volume 2.</subfield>
         <subfield code="t">History of scientific thought --</subfield>
         <subfield code="g">Volume 3.</subfield>
         <subfield code="t">Mathematics and the sciences of the heavens and the earth --</subfield>
         <subfield code="g">Volume 4.</subfield>
         <subfield code="t">Physics and physical technology.</subfield>
         <subfield code="g">Part 1.</subfield>
         <subfield code="t">Physics ;</subfield>
         <subfield code="g">Part 2.</subfield>
         <subfield code="t">Mechanical engineering ;</subfield>
         <subfield code="g">Part 3.</subfield>
         <subfield code="t">Civil engineering and nautics --</subfield>
         <subfield code="g">Volume 5.</subfield>
         <subfield code="t">Chemistry and chemical technology.</subfield>
         <subfield code="g">Part 1.</subfield>
         <subfield code="t">Paper and printing ;</subfield>
         <subfield code="g">Part 2.</subfield>
         <subfield code="t">Spagyrical discovery and invention : magisteries of gold and immortality ;</subfield>
         <subfield code="g">Part 3.</subfield>
         <subfield code="t">Spagyrical discovery and invention: historical survey from cinnabar elixers to synthetic insulin ;</subfield>
         <subfield code="g">Part 4.</subfield>
         <subfield code="t">Spagyrical discovery and invention: apparatus, theories and gifts ;</subfield>
         <subfield code="g">Part 5.</subfield>
         <subfield code="t">Spagyrical discovery and invention : physiological alchemy ;</subfield>
         <subfield code="g">Part 6.</subfield>
         <subfield code="t">Military technology : missiles and sieges ;</subfield>
         <subfield code="g">Part 7.</subfield>
         <subfield code="t">Military technology : the gunpowder epic ;</subfield>
         <subfield code="g">Part 9.</subfield>
         <subfield code="t">Textile technology : spinning and reeling ;</subfield>
         <subfield code="g">Part 11.</subfield>
         <subfield code="t">Ferrous metallurgy ;</subfield>
         <subfield code="g">Part 12.</subfield>
         <subfield code="t">Ceramic technology ;</subfield>
         <subfield code="g">Part 13.</subfield>
         <subfield code="t">Mining --</subfield>
         <subfield code="g">Volume 6.</subfield>
         <subfield code="t">Biology and biological technology.</subfield>
         <subfield code="g">Part 1.</subfield>
         <subfield code="t">Botany ;</subfield>
         <subfield code="g">Part 2.</subfield>
         <subfield code="t">Agriculture ;</subfield>
         <subfield code="g">Part 3.</subfield>
         <subfield code="t">Agro-industries and forestry ; Agro-industries : sugarcsane technology ;</subfield>
         <subfield code="g">Part 4.</subfield>
         <subfield code="t">Traditional botany : an ethnobotanical approach /</subfield>
         <subfield code="r">by Georges Métailié ;</subfield>
         <subfield code="g">Part 5.</subfield>
         <subfield code="t">Fermentations and food science /</subfield>
         <subfield code="r">by H.T. Huang ;</subfield>
         <subfield code="g">Part 6.</subfield>
         <subfield code="t">Medicine --</subfield>
         <subfield code="g">Volume 7.</subfield>
         <subfield code="t">The social background.</subfield>
         <subfield code="g">Part 1.</subfield>
         <subfield code="t">Language and logic in traditional China ;</subfield>
         <subfield code="g">Part 2.</subfield>
         <subfield code="t">General conclusions and reflections.</subfield>
      </datafield>
      <datafield tag="546" ind1=" " ind2=" ">
         <subfield code="a">Text primarily in English with some Chinese characters.</subfield>
      </datafield>
      <datafield tag="651" ind1=" " ind2="0">
         <subfield code="a">China</subfield>
         <subfield code="x">Civilization.</subfield>
      </datafield>
      <datafield tag="650" ind1=" " ind2="0">
         <subfield code="a">Science</subfield>
         <subfield code="z">China</subfield>
         <subfield code="x">History.</subfield>
      </datafield>
      <datafield tag="650" ind1=" " ind2="0">
         <subfield code="a">Technology</subfield>
         <subfield code="z">China</subfield>
         <subfield code="x">History.</subfield>
      </datafield>
      <datafield tag="650" ind1=" " ind2="0">
         <subfield code="a">Science and civilization.</subfield>
      </datafield>
      <datafield tag="651" ind1=" " ind2="0">
         <subfield code="a">China.</subfield>
      </datafield>
      <datafield tag="650" ind1=" " ind2="2">
         <subfield code="a">Civilization.</subfield>
      </datafield>
      <datafield tag="650" ind1=" " ind2="2">
         <subfield code="a">Science.</subfield>
      </datafield>
      <datafield tag="651" ind1=" " ind2="2">
         <subfield code="a">China.</subfield>
      </datafield>
      <datafield tag="650" ind1=" " ind2="7">
         <subfield code="a">Civilization.</subfield>
         <subfield code="2">fast</subfield>
         <subfield code="0">(OCoLC)fst00862898</subfield>
      </datafield>
      <datafield tag="650" ind1=" " ind2="7">
         <subfield code="a">Science.</subfield>
         <subfield code="2">fast</subfield>
         <subfield code="0">(OCoLC)fst01108176</subfield>
      </datafield>
      <datafield tag="650" ind1=" " ind2="7">
         <subfield code="a">Science and civilization.</subfield>
         <subfield code="2">fast</subfield>
         <subfield code="0">(OCoLC)fst01108517</subfield>
      </datafield>
      <datafield tag="650" ind1=" " ind2="7">
         <subfield code="a">Technology.</subfield>
         <subfield code="2">fast</subfield>
         <subfield code="0">(OCoLC)fst01145078</subfield>
      </datafield>
      <datafield tag="651" ind1=" " ind2="7">
         <subfield code="a">China.</subfield>
         <subfield code="2">fast</subfield>
         <subfield code="0">(OCoLC)fst01206073</subfield>
      </datafield>
      <datafield tag="650" ind1="1" ind2="7">
         <subfield code="a">Exacte wetenschappen.</subfield>
         <subfield code="2">gtt</subfield>
      </datafield>
      <datafield tag="650" ind1="1" ind2="7">
         <subfield code="a">Cultuurgeschiedenis.</subfield>
         <subfield code="2">gtt</subfield>
      </datafield>
      <datafield tag="650" ind1=" " ind2="7">
         <subfield code="a">Sciences</subfield>
         <subfield code="z">Chine</subfield>
         <subfield code="x">Histoire.</subfield>
         <subfield code="2">ram</subfield>
      </datafield>
      <datafield tag="650" ind1=" " ind2="7">
         <subfield code="a">Sciences et civilisation.</subfield>
         <subfield code="2">ram</subfield>
      </datafield>
      <datafield tag="650" ind1=" " ind2="7">
         <subfield code="a">Technologie</subfield>
         <subfield code="z">Chine</subfield>
         <subfield code="x">Histoire.</subfield>
         <subfield code="2">ram</subfield>
      </datafield>
      <datafield tag="651" ind1=" " ind2="7">
         <subfield code="a">Chine</subfield>
         <subfield code="x">Civilisation.</subfield>
         <subfield code="2">ram</subfield>
      </datafield>
      <datafield tag="650" ind1=" " ind2="4">
         <subfield code="a">Ciencia</subfield>
         <subfield code="z">China</subfield>
         <subfield code="x">Historia.</subfield>
      </datafield>
      <datafield tag="650" ind1=" " ind2="4">
         <subfield code="a">Tecnología</subfield>
         <subfield code="z">China</subfield>
         <subfield code="x">Historia.</subfield>
      </datafield>
      <datafield tag="650" ind1=" " ind2="4">
         <subfield code="a">Ciencia y civilización.</subfield>
      </datafield>
      <datafield tag="651" ind1=" " ind2="4">
         <subfield code="a">China</subfield>
         <subfield code="x">Civilización.</subfield>
      </datafield>
      <datafield tag="653" ind1="0" ind2=" ">
         <subfield code="a">Science</subfield>
         <subfield code="a">Related to</subfield>
         <subfield code="a">Society</subfield>
         <subfield code="a">History.</subfield>
      </datafield>
      <datafield tag="655" ind1=" " ind2="7">
         <subfield code="a">History.</subfield>
         <subfield code="2">fast</subfield>
         <subfield code="0">(OCoLC)fst01411628</subfield>
      </datafield>
      <datafield tag="700" ind1="1" ind2=" ">
         <subfield code="a">Wang, Ling,</subfield>
         <subfield code="d">1917-1994.</subfield>
      </datafield>
      <datafield tag="700" ind1="1" ind2=" ">
         <subfield code="a">Métailie, Georges.</subfield>
      </datafield>
      <datafield tag="700" ind1="1" ind2=" ">
         <subfield code="a">Huang, H. T.</subfield>
      </datafield>
      <datafield tag="740" ind1="0" ind2=" ">
         <subfield code="a">Zhongguo ke xue ji shu shi.</subfield>
      </datafield>
      <datafield tag="776" ind1="0" ind2="8">
         <subfield code="i">Online version:</subfield>
         <subfield code="a">Needham, Joseph, 1900-1995.</subfield>
         <subfield code="t">Science and civilisation in China.</subfield>
         <subfield code="d">Cambridge [Eng.] University Press, 1954-&lt;2008&gt;</subfield>
         <subfield code="w">(OCoLC)562500048</subfield>
      </datafield>
      <datafield tag="797" ind1="2" ind2=" ">
         <subfield code="a">NYU Shanghai Study Away Collection (Shanghai, China)</subfield>
         <subfield code="e">former owner.</subfield>
      </datafield>
      <datafield tag="880" ind1="3" ind2="0">
         <subfield code="6">246-00/</subfield>
         <subfield code="a">中國科學技術史</subfield>
      </datafield>
      <datafield tag="880" ind1=" " ind2=" ">
         <subfield code="6">500-00/</subfield>
         <subfield code="a">Added title: 中國科學技術史 / 李約瑟著.</subfield>
      </datafield>
      <datafield tag="856" ind1="4" ind2="1">
         <subfield code="3">ebrary</subfield>
         <subfield code="u">http://site.ebrary.com/id/10065242</subfield>
      </datafield>
      <datafield tag="856" ind1="4" ind2="1">
         <subfield code="3">Sample text</subfield>
         <subfield code="u">http://catdir.loc.gov/catdir/samples/cam031/54004723.html</subfield>
      </datafield>
      <datafield tag="856" ind1="4" ind2="1">
         <subfield code="3">Scholars Portal</subfield>
         <subfield code="u">http://books.scholarsportal.info/viewdoc.html?id=/ebooks/ebooks2/cambridge/2010-08-18/1/0511035918</subfield>
      </datafield>
      <datafield tag="856" ind1="4" ind2="1">
         <subfield code="3">Table of contents</subfield>
         <subfield code="u">http://catdir.loc.gov/catdir/toc/cam022/54004723.html</subfield>
      </datafield>
      <datafield tag="856" ind1="4" ind2="2">
         <subfield code="3">Publisher description</subfield>
         <subfield code="u">http://catdir.loc.gov/catdir/description/cam022/54004723.html</subfield>
      </datafield>
      <datafield tag="856" ind1="4" ind2="1">
         <subfield code="u">http://ezproxy.prin.edu:2048/login?url=http://site.ebrary.com/id/10065242</subfield>
      </datafield>
      <datafield tag="856" ind1="4" ind2="1">
         <subfield code="u">http://ezproxy.prin.edu:2048/login?url=http://catdir.loc.gov/catdir/samples/cam031/54004723.html</subfield>
      </datafield>
      <datafield tag="856" ind1="4" ind2="1">
         <subfield code="u">http://ezproxy.prin.edu:2048/login?url=http://catdir.loc.gov/catdir/toc/cam022/54004723.html</subfield>
      </datafield>
      <datafield tag="856" ind1="4" ind2="2">
         <subfield code="u">http://ezproxy.prin.edu:2048/login?url=http://catdir.loc.gov/catdir/description/cam022/54004723.html</subfield>
      </datafield>
      <datafield tag="856" ind1="4" ind2="1">
         <subfield code="u">http://http://ezproxy.prin.edu:2048/login?url=http://catdir.loc.gov/catdir/samples/cam031/54004723.html</subfield>
      </datafield>
      <datafield tag="856" ind1="4" ind2="1">
         <subfield code="u">http://http://ezproxy.prin.edu:2048/login?url=http://catdir.loc.gov/catdir/toc/cam022/54004723.html</subfield>
      </datafield>
      <datafield tag="856" ind1="4" ind2="2">
         <subfield code="u">http://http://ezproxy.prin.edu:2048/login?url=http://catdir.loc.gov/catdir/description/cam022/54004723.html</subfield>
      </datafield>
      <datafield tag="OWN" ind1=" " ind2=" ">
         <subfield code="a">GENERAL</subfield>
      </datafield>
      <datafield tag="AVA" ind1=" " ind2=" ">
         <subfield code="a">NYU52</subfield>
         <subfield code="b">NSHNG</subfield>
         <subfield code="c">Main Collection</subfield>
         <subfield code="d">DS721 .N39</subfield>
         <subfield code="e">check_holdings</subfield>
         <subfield code="t">Check Holdings</subfield>
         <subfield code="h">Y</subfield>
         <subfield code="j">MAIN</subfield>
         <subfield code="k">0</subfield>
      </datafield>
      <datafield tag="AVA" ind1=" " ind2=" ">
         <subfield code="a">NYU51</subfield>
         <subfield code="b">NABUD</subfield>
         <subfield code="c">Main Collection</subfield>
         <subfield code="d">DS721 .N39</subfield>
         <subfield code="e">check_holdings</subfield>
         <subfield code="t">Check Holdings</subfield>
         <subfield code="h">Y</subfield>
         <subfield code="j">MAIN</subfield>
         <subfield code="k">0</subfield>
      </datafield>
      <datafield tag="AVA" ind1=" " ind2=" ">
         <subfield code="a">NYU50</subfield>
         <subfield code="b">BOBST</subfield>
         <subfield code="c">Main Collection</subfield>
         <subfield code="d">DS721 .N39</subfield>
         <subfield code="e">check_holdings</subfield>
         <subfield code="t">Check Holdings</subfield>
         <subfield code="h">Y</subfield>
         <subfield code="j">MAIN</subfield>
         <subfield code="k">0</subfield>
      </datafield>
      <datafield tag="AVA" ind1=" " ind2=" ">
         <subfield code="a">NYU50</subfield>
         <subfield code="b">CU</subfield>
         <subfield code="c">Main Collection</subfield>
         <subfield code="d">DS721 .N39</subfield>
         <subfield code="e">available</subfield>
         <subfield code="t">Available</subfield>
         <subfield code="f">8</subfield>
         <subfield code="g">0</subfield>
         <subfield code="h">Y</subfield>
         <subfield code="i">0</subfield>
         <subfield code="j">MAIN</subfield>
         <subfield code="k">0</subfield>
      </datafield>
      <datafield tag="AVA" ind1=" " ind2=" ">
         <subfield code="a">NYU50</subfield>
         <subfield code="b">NIFAC</subfield>
         <subfield code="c">Reference</subfield>
         <subfield code="d">DS721 .N39 Non-circulating</subfield>
         <subfield code="e">available</subfield>
         <subfield code="t">Available</subfield>
         <subfield code="f">14</subfield>
         <subfield code="g">0</subfield>
         <subfield code="h">Y</subfield>
         <subfield code="i">0</subfield>
         <subfield code="j">REF</subfield>
         <subfield code="k">0</subfield>
      </datafield>
      <datafield tag="AVA" ind1=" " ind2=" ">
         <subfield code="a">NYU50</subfield>
         <subfield code="b">NISAW</subfield>
         <subfield code="c">Reference 5 Collection</subfield>
         <subfield code="d">DS721 .N39 1954 Non-circulating</subfield>
         <subfield code="e">available</subfield>
         <subfield code="t">Available</subfield>
         <subfield code="f">3</subfield>
         <subfield code="g">0</subfield>
         <subfield code="h">Y</subfield>
         <subfield code="i">0</subfield>
         <subfield code="j">REF5</subfield>
         <subfield code="k">0</subfield>
      </datafield>
      <marc:datafield tag="852" ind1=" " ind2=" ">
         <marc:subfield code="b">Institute for the Study of the Ancient World, </marc:subfield>
         <marc:subfield code="c">Reference 5 Collection</marc:subfield>
         <marc:subfield code="e">15 East 84th St., </marc:subfield>
         <marc:subfield code="e">New York, NY  10028</marc:subfield>
      </marc:datafield>
      <datafield tag="AVA" ind1=" " ind2=" ">
         <subfield code="a">NYU50</subfield>
         <subfield code="b">TNSFO</subfield>
         <subfield code="c">Main Collection</subfield>
         <subfield code="d">DS721 .N39 Library Use Only</subfield>
         <subfield code="e">check_holdings</subfield>
         <subfield code="t">Check Holdings</subfield>
         <subfield code="h">Y</subfield>
         <subfield code="j">MAIN</subfield>
         <subfield code="k">0</subfield>
      </datafield>
   </record>