
  
  
  
  
  
  
  
  
  
  
  
  
  
  
 
  
  <record xsi:schemaLocation="http://www.loc.gov/MARC21/slim http://www.loc.gov/standards/marcxml/schema/MARC21slim.xsd">
      <leader>00000cam a2200385Ii 4500</leader>
      <controlfield tag="FMT">BK</controlfield>
      <controlfield tag="LDR">00000cam a2200385Ii 4500</controlfield>
      <controlfield tag="001">004571271</controlfield>
      <controlfield tag="003">OCoLC</controlfield>
      <controlfield tag="005">20170207155308.0</controlfield>
      <controlfield tag="008">160305s2016    gw       b    101 0 eng d</controlfield>
      <datafield tag="020" ind1=" " ind2=" ">
         <subfield code="a">9783447105941</subfield>
      </datafield>
      <datafield tag="020" ind1=" " ind2=" ">
         <subfield code="a">3447105941</subfield>
      </datafield>
      <datafield tag="035" ind1=" " ind2=" ">
         <subfield code="a">(OCoLC)944086121</subfield>
      </datafield>
      <datafield tag="040" ind1=" " ind2=" ">
         <subfield code="a">BTCTA</subfield>
         <subfield code="b">eng</subfield>
         <subfield code="e">rda</subfield>
         <subfield code="c">BTCTA</subfield>
         <subfield code="d">YDXCP</subfield>
         <subfield code="d">OHX</subfield>
         <subfield code="d">HLS</subfield>
         <subfield code="d">OCLCO</subfield>
         <subfield code="d">ZYU</subfield>
      </datafield>
      <datafield tag="050" ind1=" " ind2="4">
         <subfield code="a">B243</subfield>
         <subfield code="b">.P98 2016</subfield>
      </datafield>
      <datafield tag="079" ind1=" " ind2=" ">
         <subfield code="a">(OCoLC)944086121</subfield>
      </datafield>
      <datafield tag="245" ind1="0" ind2="0">
         <subfield code="a">Pythagorean knowledge from the ancient to the modern world :</subfield>
         <subfield code="b">askesis, religion, science /</subfield>
         <subfield code="c">edited by Almut-Barbara Renger and Alessandro Stavru.</subfield>
      </datafield>
      <datafield tag="264" ind1=" " ind2="1">
         <subfield code="a">Wiesbaden :</subfield>
         <subfield code="b">Harrassowitz Verlag,</subfield>
         <subfield code="c">2016.</subfield>
      </datafield>
      <datafield tag="300" ind1=" " ind2=" ">
         <subfield code="a">ix, 579 pages ;</subfield>
         <subfield code="c">25 cm.</subfield>
      </datafield>
      <datafield tag="336" ind1=" " ind2=" ">
         <subfield code="a">text</subfield>
         <subfield code="b">txt</subfield>
         <subfield code="2">rdacontent</subfield>
      </datafield>
      <datafield tag="337" ind1=" " ind2=" ">
         <subfield code="a">unmediated</subfield>
         <subfield code="b">n</subfield>
         <subfield code="2">rdamedia</subfield>
      </datafield>
      <datafield tag="338" ind1=" " ind2=" ">
         <subfield code="a">volume</subfield>
         <subfield code="b">nc</subfield>
         <subfield code="2">rdacarrier</subfield>
      </datafield>
      <datafield tag="490" ind1="1" ind2=" ">
         <subfield code="a">Episteme in Bewegung : Beiträge zu einer transdisziplinären Wissensgeschichte,</subfield>
         <subfield code="x">2365-5666 ;</subfield>
         <subfield code="v">Band 4</subfield>
      </datafield>
      <datafield tag="500" ind1=" " ind2=" ">
         <subfield code="a">"The majority of the contributions to this volume were first presented at a conference held on October 23-25, 2013, at the Freie Universitat Berlin." -- Page [1]</subfield>
      </datafield>
      <datafield tag="504" ind1=" " ind2=" ">
         <subfield code="a">Includes bibliographical references and index.</subfield>
      </datafield>
      <datafield tag="505" ind1="0" ind2="0">
         <subfield code="g">I.</subfield>
         <subfield code="t">Orphika.</subfield>
         <subfield code="t">Transfer of Afterlife Knowledge in Pythagorean Eschatology /</subfield>
         <subfield code="r">Alberto Bernabé --</subfield>
         <subfield code="t">The Appropriation of the Figure of Orpheus and Orphic Doctrines: An Example of Pythagoras' Artful Knavery (kakotechnie)? /</subfield>
         <subfield code="r">Francesc Casadesús Bordoy --</subfield>
         <subfield code="t">The Making of Pythagoreanism: Orpheus, Aglaophamus, Pythagoras, Plato /</subfield>
         <subfield code="r">Luc Brisson.</subfield>
         <subfield code="g">II.</subfield>
         <subfield code="t">Metempsychosis.</subfield>
         <subfield code="t">Philolaus on the Soul /</subfield>
         <subfield code="r">Richard McKirahan --</subfield>
         <subfield code="t">Is Parmenides a Pythagorean? Plato on Theoria as a Vision of the Soul /</subfield>
         <subfield code="r">Sylvana Chrysakopoulou --</subfield>
         <subfield code="t">Aristotle and the Pythagorean Myths of Metempsychosis /</subfield>
         <subfield code="r">Gabriele Cornelli --</subfield>
         <subfield code="t">Pythagoras and Christian Eschatology: The Debate on the Transmigration of Souls in Ealy Scholasticism /</subfield>
         <subfield code="r">Bernd Roling.</subfield>
         <subfield code="g">III.</subfield>
         <subfield code="t">Tropos tou biou.</subfield>
         <subfield code="t">Aristoxenus and Timaeus on the Pythagorean Way of Life /</subfield>
         <subfield code="r">Maurizio Giangiulio --</subfield>
         <subfield code="t">Pythagorean Askesis in Timycha of Sparta and Theano of Croton /</subfield>
         <subfield code="r">Claudia Montepaone and Marcello Catarzi --</subfield>
         <subfield code="r">Gabriele Cornelli --</subfield>
         <subfield code="t">Pythagoras and Christian Eschatology: The Debate on the Transmigration of Souls in Ealy Scholasticism /</subfield>
         <subfield code="r">Bernd Roling.</subfield>
         <subfield code="g">III.</subfield>
         <subfield code="t">Tropos tou biou.</subfield>
         <subfield code="t">Aristoxenus and Timaeus on the Pythagorean Way of Life /</subfield>
         <subfield code="r">Maurizio Giangiulio --</subfield>
         <subfield code="t">Pythagorean Askesis in Timycha of Sparta and Theano of Croton /</subfield>
         <subfield code="r">Claudia Montepaone and Marcello Catarzi --</subfield>
         <subfield code="t">The Sentences of Sextus and the Christian Transformation of Pythagorean Asceticism /</subfield>
         <subfield code="r">Ilaria Ramelli --</subfield>
         <subfield code="t">Porphyry's Letter to Marcella: A Literary Attack on Christian Appropriation of (Neo)Pythagorean Moral Wisdom? /</subfield>
         <subfield code="r">Irini Fotini Viltanioti --</subfield>
         <subfield code="t">Reinventing the Pythagorean Tradition in Pseudo-Justin's Cohortatio ad Graecos /</subfield>
         <subfield code="r">Luca Arcari --</subfield>
         <subfield code="t">Transformations of Pythagorean Wisdom and Psychic ασκησις in Proclus' Timaeus Commentary /</subfield>
         <subfield code="r">Dirk Baltzly --</subfield>
         <subfield code="t">The Active and Monastic Life in Humanist Biographies of Pythagoras /</subfield>
         <subfield code="r">Ada Palmer --</subfield>
         <subfield code="t">Richard Reitzenstein, Pythagoras and the Life of Anatomy /</subfield>
         <subfield code="r">Jan N. Bremmer.</subfield>
      </datafield>
      <datafield tag="505" ind1="8" ind2="0">
         <subfield code="g">IV.</subfield>
         <subfield code="t">Dietetics and Medicine.</subfield>
         <subfield code="t">The Pythagoreans on Medicine: Religion or Science? /</subfield>
         <subfield code="r">Stavros Kouloumentas --</subfield>
         <subfield code="t">Pythagoreans and Medical Writers on Periods of Human Gestation /</subfield>
         <subfield code="r">Andrea Barker --</subfield>
         <subfield code="t">Iamblichus on Pythagorean Dietetics /</subfield>
         <subfield code="r">Hynek Bartoš.</subfield>
         <subfield code="g">V.</subfield>
         <subfield code="t">Music.</subfield>
         <subfield code="t">The Pythagoreans and the Therapeutic Effects of the Paean between Religion, Paideia, and Politics /</subfield>
         <subfield code="r">Antonietta Provenza --</subfield>
         <subfield code="t">"Are Flute-Players Better than Philosophers?" Sextus Empiricus on Music, Against Pythagoras /</subfield>
         <subfield code="r">Emidio Spinelli.</subfield>
         <subfield code="g">VI.</subfield>
         <subfield code="t">Number and Harmony.</subfield>
         <subfield code="t">Greek Arithmology: Pythagoras or Plato? /</subfield>
         <subfield code="r">Leonid Zhmud --</subfield>
         <subfield code="t">Pythagorean Numerology and Diophantus' Arithmetica: A Note on Hippolytus' Elenchos I 2 /</subfield>
         <subfield code="r">Eugen Afonasin --</subfield>
         <subfield code="t">The Pythagorean Metaphysics of Numbers in the Works of the Ikhwān al-Ṣafā' and al-Shahrastāni /</subfield>
         <subfield code="r">Ana Izdebska --</subfield>
         <subfield code="t">Pythagoras and the "Perfect" Churches of the Renaissance /</subfield>
         <subfield code="r">Christiane L. Joost-Gaugier --</subfield>
         <subfield code="t">Kabbalah as a Transfer of Pythagorean Number Theory: The Case of Johannes Reuchlin's De Arte Cabalistica /</subfield>
         <subfield code="r">Wilhelm Schmidt-Biggemann --</subfield>
         <subfield code="t">Unfolding Pythagoras: Leibniz, Myth and Mathesis /</subfield>
         <subfield code="r">Samuel Galson.</subfield>
         <subfield code="g">VII.</subfield>
         <subfield code="t">Refractions.</subfield>
         <subfield code="t">The Pythagorean Doctrine in the Caucasus /</subfield>
         <subfield code="r">Tengiz Iremadze --</subfield>
         <subfield code="t">Ibn Sīnā's and Al-Ghazālī's Approach to Pythagoreanism /</subfield>
         <subfield code="r">Beate Ulrike La Sala --</subfield>
         <subfield code="t">Marsilio Ficino and Plato's Divided Line: Iamblichus and Pythagorean Pseudepigrapha in the Renaissance /</subfield>
         <subfield code="r">Denis Robichaud --</subfield>
         <subfield code="t">Pythagoras Refracted: The Formation of Pythagoreanism in the Early Modern Period /</subfield>
         <subfield code="r">Hanns-Peter Neumann.</subfield>
         <subfield code="g">Appendix:</subfield>
         <subfield code="t">Three Texts on Pythagorean Way of Life.</subfield>
         <subfield code="t">Pythagoras, the Wandering Ascetic: A Reconstruction of the Life of Pythagoras According to al-Mubashshir ibn Fātik and Ibn Abī Uṣaybi'a /</subfield>
         <subfield code="r">Emily Cottrell --</subfield>
         <subfield code="t">Two Humanist Lives of Pythagoras /</subfield>
         <subfield code="r">Ada Palmer.</subfield>
      </datafield>
      <datafield tag="600" ind1="0" ind2="0">
         <subfield code="a">Pythagoras</subfield>
         <subfield code="x">Influence</subfield>
         <subfield code="v">Congresses.</subfield>
      </datafield>
      <datafield tag="650" ind1=" " ind2="0">
         <subfield code="a">Pythagoras and Pythagorean school</subfield>
         <subfield code="v">Congresses.</subfield>
      </datafield>
      <datafield tag="650" ind1=" " ind2="0">
         <subfield code="a">Philosophy, Ancient</subfield>
         <subfield code="v">Congresses.</subfield>
      </datafield>
      <datafield tag="700" ind1="1" ind2=" ">
         <subfield code="a">Renger, Almut-Barbara,</subfield>
         <subfield code="e">editor.</subfield>
      </datafield>
      <datafield tag="700" ind1="1" ind2=" ">
         <subfield code="a">Stavru, Alessandro,</subfield>
         <subfield code="d">1971-</subfield>
         <subfield code="e">editor.</subfield>
      </datafield>
      <datafield tag="830" ind1=" " ind2="0">
         <subfield code="a">Episteme in Bewegung ;</subfield>
         <subfield code="v">Bd. 4.</subfield>
         <subfield code="x">2365-5666</subfield>
      </datafield>
      <datafield tag="880" ind1="0" ind2="0">
         <subfield code="9"/>
         <subfield code="t">The Sentences of Sextus and the Christian Transformation of Pythagorean Asceticism /</subfield>
         <subfield code="r">Ilaria Ramelli --</subfield>
         <subfield code="t">Porphyry's Letter to Marcella: A Literary Attack on Christian Appropriation of (Neo)Pythagorean Moral Wisdom? /</subfield>
         <subfield code="r">Irini Fotini Viltanioti --</subfield>
         <subfield code="t">Reinventing the Pythagorean Tradition in Pseudo-Justin's Cohortatio ad Graecos /</subfield>
         <subfield code="r">Luca Arcari --</subfield>
         <subfield code="t">Transformations of Pythagorean Wisdom and Psychic ασκησις in Proclus' Timaeus Commentary /</subfield>
         <subfield code="r">Dirk Baltzly --</subfield>
         <subfield code="t">The Active and Monastic Life in Humanist Biographies of Pythagoras /</subfield>
         <subfield code="r">Ada Palmer --</subfield>
         <subfield code="t">Richard Reitzenstein, Pythagoras and the Life of Anatomy /</subfield>
         <subfield code="r">Jan N. Bremmer.</subfield>
         <subfield code="g">IV.</subfield>
         <subfield code="t">Dietetics and Medicine.</subfield>
         <subfield code="t">The Pythagoreans on Medicine: Religion or Science? /</subfield>
         <subfield code="r">Stavros Kouloumentas --</subfield>
         <subfield code="t">Pythagoreans and Medical Writers on Periods of Human Gestation /</subfield>
         <subfield code="r">Andrea Barker --</subfield>
         <subfield code="t">Iamblichus on Pythagorean Dietetics /</subfield>
         <subfield code="r">Hynek Bartoš.</subfield>
         <subfield code="g">V.</subfield>
         <subfield code="t">Music.</subfield>
      </datafield>
      <datafield tag="880" ind1="0" ind2="0">
         <subfield code="9"/>
         <subfield code="t">The Pythagoreans and the Therapeutic Effects of the Paean between Religion, Paideia, and Politics /</subfield>
         <subfield code="r">Antonietta Provenza --</subfield>
         <subfield code="t">"Are Flute-Players Better than Philosophers?" Sextus Empiricus on Music, Against Pythagoras /</subfield>
         <subfield code="r">Emidio Spinelli.</subfield>
         <subfield code="g">VI.</subfield>
         <subfield code="t">Number and Harmony.</subfield>
         <subfield code="t">Greek Arithmology: Pythagoras or Plato? /</subfield>
         <subfield code="r">Leonid Zhmud --</subfield>
         <subfield code="t">Pythagorean Numerology and Diophantus' Arithmetica: A Note on Hippolytus' Elenchos I 2 /</subfield>
         <subfield code="r">Eugen Afonasin --</subfield>
         <subfield code="t">The Pythagorean Metaphysics of Numbers in the Works of the Ikhwān al-Ṣafā' and al-Shahrastāni /</subfield>
         <subfield code="r">Ana Izdebska --</subfield>
         <subfield code="t">Pythagoras and the "Perfect" Churches of the Renaissance /</subfield>
         <subfield code="r">Christiane L. Joost-Gaugier --</subfield>
         <subfield code="t">Kabbalah as a Transfer of Pythagorean Number Theory: The Case of Johannes Reuchlin's De Arte Cabalistica /</subfield>
         <subfield code="r">Wilhelm Schmidt-Biggemann --</subfield>
         <subfield code="t">Unfolding Pythagoras: Leibniz, Myth and Mathesis /</subfield>
         <subfield code="r">Samuel Galson.</subfield>
         <subfield code="g">VII.</subfield>
         <subfield code="t">Refractions.</subfield>
         <subfield code="t">The Pythagorean Doctrine in the Caucasus /</subfield>
         <subfield code="r">Tengiz Iremadze --</subfield>
      </datafield>
      <datafield tag="880" ind1="0" ind2="0">
         <subfield code="9"/>
         <subfield code="t">Ibn Sīnā's and Al-Ghazālī's Approach to Pythagoreanism /</subfield>
         <subfield code="r">Beate Ulrike La Sala --</subfield>
         <subfield code="t">Marsilio Ficino and Plato's Divided Line: Iamblichus and Pythagorean Pseudepigrapha in the Renaissance /</subfield>
         <subfield code="r">Denis Robichaud --</subfield>
         <subfield code="t">Pythagoras Refracted: The Formation of Pythagoreanism in the Early Modern Period /</subfield>
         <subfield code="r">Hanns-Peter Neumann.</subfield>
         <subfield code="g">Appendix:</subfield>
         <subfield code="t">Three Texts on Pythagorean Way of Life.</subfield>
         <subfield code="t">Pythagoras, the Wandering Ascetic: A Reconstruction of the Life of Pythagoras According to al-Mubashshir ibn Fātik and Ibn Abī Uṣaybi'a /</subfield>
         <subfield code="r">Emily Cottrell --</subfield>
         <subfield code="t">Two Humanist Lives of Pythagoras /</subfield>
         <subfield code="r">Ada Plamer.</subfield>
      </datafield>
      <datafield tag="OWN" ind1=" " ind2=" ">
         <subfield code="a">GENERAL</subfield>
      </datafield>
      <datafield tag="AVA" ind1=" " ind2=" ">
         <subfield code="a">NYU50</subfield>
         <subfield code="b">NISAW</subfield>
         <subfield code="c">Small Collection</subfield>
         <subfield code="d">B243 .P98 2016 Non-circulating</subfield>
         <subfield code="e">available</subfield>
         <subfield code="t">Available</subfield>
         <subfield code="f">1</subfield>
         <subfield code="g">0</subfield>
         <subfield code="h">N</subfield>
         <subfield code="i">0</subfield>
         <subfield code="j">SMALL</subfield>
         <subfield code="k">0</subfield>
      </datafield>
      <marc:datafield tag="852" ind1=" " ind2=" ">
         <marc:subfield code="b">Institute for the Study of the Ancient World, </marc:subfield>
         <marc:subfield code="c">Small Collection</marc:subfield>
         <marc:subfield code="e">15 East 84th St., </marc:subfield>
         <marc:subfield code="e">New York, NY  10028</marc:subfield>
      </marc:datafield>
   </record>