
  
  
  
  
  
  
  
  
 
  
  <record xsi:schemaLocation="http://www.loc.gov/MARC21/slim http://www.loc.gov/standards/marcxml/schema/MARC21slim.xsd">
      <leader>00000pam a2200433 i 4500</leader>
      <controlfield tag="FMT">BK</controlfield>
      <controlfield tag="LDR">00000pam a2200433 i 4500</controlfield>
      <controlfield tag="001">004221220</controlfield>
      <controlfield tag="005">20160217152032.0</controlfield>
      <controlfield tag="008">150519t20152015mdu      b    001 0 eng</controlfield>
      <datafield tag="010" ind1=" " ind2=" ">
         <subfield code="a">2015012682</subfield>
      </datafield>
      <datafield tag="020" ind1=" " ind2=" ">
         <subfield code="a">9781934309643</subfield>
         <subfield code="q">hardcover</subfield>
      </datafield>
      <datafield tag="020" ind1=" " ind2=" ">
         <subfield code="a">1934309648</subfield>
         <subfield code="q">hardcover</subfield>
      </datafield>
      <datafield tag="035" ind1=" " ind2=" ">
         <subfield code="a">(NhCcYBP)  2015012682</subfield>
      </datafield>
      <datafield tag="035" ind1="7" ind2=" ">
         <subfield code="a">ybp11601851</subfield>
      </datafield>
      <datafield tag="040" ind1=" " ind2=" ">
         <subfield code="a">DLC</subfield>
         <subfield code="b">eng</subfield>
         <subfield code="e">rda</subfield>
         <subfield code="c">DLC</subfield>
         <subfield code="d">OCLCO</subfield>
         <subfield code="d">YDXCP</subfield>
         <subfield code="d">BTCTA</subfield>
         <subfield code="d">OCLCF</subfield>
         <subfield code="d">OCLCO</subfield>
         <subfield code="d">YUS</subfield>
         <subfield code="d">NhCcYBP</subfield>
      </datafield>
      <datafield tag="042" ind1=" " ind2=" ">
         <subfield code="a">pcc</subfield>
      </datafield>
      <datafield tag="043" ind1=" " ind2=" ">
         <subfield code="a">aw-----</subfield>
      </datafield>
      <datafield tag="050" ind1="0" ind2="0">
         <subfield code="a">CE33</subfield>
         <subfield code="b">.C644 2015</subfield>
      </datafield>
      <datafield tag="079" ind1=" " ind2=" ">
         <subfield code="a">(OCoLC)909776590</subfield>
      </datafield>
      <datafield tag="082" ind1="0" ind2="0">
         <subfield code="a">394.26956</subfield>
         <subfield code="2">23</subfield>
      </datafield>
      <datafield tag="100" ind1="1" ind2=" ">
         <subfield code="a">Cohen, Mark E.,</subfield>
         <subfield code="e">author.</subfield>
      </datafield>
      <datafield tag="245" ind1="1" ind2="0">
         <subfield code="a">Festivals and calendars of the ancient Near East /</subfield>
         <subfield code="c">by Mark E. Cohen.</subfield>
      </datafield>
      <datafield tag="264" ind1=" " ind2="1">
         <subfield code="a">Bethesda, Maryland :</subfield>
         <subfield code="b">CDL Press,</subfield>
         <subfield code="c">2015.</subfield>
      </datafield>
      <datafield tag="264" ind1=" " ind2="4">
         <subfield code="c">©2015</subfield>
      </datafield>
      <datafield tag="300" ind1=" " ind2=" ">
         <subfield code="a">xvi, 467 pages ;</subfield>
         <subfield code="c">25 cm</subfield>
      </datafield>
      <datafield tag="336" ind1=" " ind2=" ">
         <subfield code="a">text</subfield>
         <subfield code="2">rdacontent</subfield>
      </datafield>
      <datafield tag="337" ind1=" " ind2=" ">
         <subfield code="a">unmediated</subfield>
         <subfield code="2">rdamedia</subfield>
      </datafield>
      <datafield tag="338" ind1=" " ind2=" ">
         <subfield code="a">volume</subfield>
         <subfield code="2">rdacarrier</subfield>
      </datafield>
      <datafield tag="504" ind1=" " ind2=" ">
         <subfield code="a">Includes bibliographical references and indexes.</subfield>
      </datafield>
      <datafield tag="520" ind1=" " ind2=" ">
         <subfield code="a">"Analysis of the ancient calendars of Mesopotamia, the Levant and other cities of the ancient Near East and their annual festivals and rituals. The cultic calendars include those of Sumer, Babylonia, Assyria, Israel, and cities in ancient Syria. Includes the order of each calendar's months and the meanings of the month names"--</subfield>
         <subfield code="c">Provided by publisher.</subfield>
      </datafield>
      <datafield tag="505" ind1="0" ind2=" ">
         <subfield code="a">Introduction -- THIRD MILLENNIUM B.C.E. -- Early dynastic calendars : i. The early Semitic calendar; ii. The local Eblaite calendar; iii. The local Tell Beydar calendar; iv. Other month names -- Laga?/Irsu calendars : i. The early dynastic period; ii. The Sargonic period; iii. The period of Gudea; iv. The Ur III period -- Ur calendar : i. The early dynastic period; ii. The Ur III period -- Nippur calendar -- Umma calendar : i. Early dynastic and Sargonic periods; ii. The Ur III period -- Adab calendar -- Other calendars : i. E?nunna; ii. Ishan Mizyad; iii. Iri-sa?rig and Ke?i; iv. Uruk; v. Gar?ana; vi. Festivals in other cities; vii. Months from unidentified calendars -- SECOND MILLENNIUM B.C.E. -- Southern-Mesopotamian Sumerian calendar : i. The months; ii. R?m-S¿n's calendrical reform; iii. The festivals -- Amorite calendars : i. The city calendars; ii. The month names; iii. Other festivals and months -- Sippar calendar -- Assyrian calendars : i. The structure of the calendars; ii. The old and restored calendars -- Mari calendar -- Emar calendar -- Other calendars : i. Susa; ii. An?an; iii. Nuzi; iv. Øana; v. Manana; vi. Tuttul; vii. Ki?(?); viii. Other months -- SECOND AND FIRST MILLENNIA B.C.E. -- Levant calendars; i. Ugarit; ii. Other Canaanite/Phoenician calendars; iii. Alalakh; iv. Aleppo; v. Carchemish -- Standard Mesopotamian calendar: i. Adoption of the calendar: ii. The months -- Indices : i. Month names; ii. Festival names; iii. God names.</subfield>
      </datafield>
      <datafield tag="650" ind1=" " ind2="0">
         <subfield code="a">Calendars</subfield>
         <subfield code="z">Middle East</subfield>
         <subfield code="x">History.</subfield>
      </datafield>
      <datafield tag="650" ind1=" " ind2="0">
         <subfield code="a">Festivals</subfield>
         <subfield code="z">Middle East</subfield>
         <subfield code="x">History.</subfield>
      </datafield>
      <datafield tag="650" ind1=" " ind2="7">
         <subfield code="a">Calendars.</subfield>
         <subfield code="2">fast</subfield>
         <subfield code="0">(OCoLC)fst00844227</subfield>
      </datafield>
      <datafield tag="650" ind1=" " ind2="7">
         <subfield code="a">Festivals.</subfield>
         <subfield code="2">fast</subfield>
         <subfield code="0">(OCoLC)fst00923329</subfield>
      </datafield>
      <datafield tag="651" ind1=" " ind2="7">
         <subfield code="a">Middle East.</subfield>
         <subfield code="2">fast</subfield>
         <subfield code="0">(OCoLC)fst01241586</subfield>
      </datafield>
      <datafield tag="655" ind1=" " ind2="7">
         <subfield code="a">History.</subfield>
         <subfield code="2">fast</subfield>
         <subfield code="0">(OCoLC)fst01411628</subfield>
      </datafield>
      <datafield tag="OWN" ind1=" " ind2=" ">
         <subfield code="a">GENERAL</subfield>
      </datafield>
      <datafield tag="AVA" ind1=" " ind2=" ">
         <subfield code="a">NYU50</subfield>
         <subfield code="b">BOBST</subfield>
         <subfield code="c">Main Collection</subfield>
         <subfield code="d">CE33 .C644 2015</subfield>
         <subfield code="e">available</subfield>
         <subfield code="t">Available</subfield>
         <subfield code="f">1</subfield>
         <subfield code="g">0</subfield>
         <subfield code="h">N</subfield>
         <subfield code="i">0</subfield>
         <subfield code="j">MAIN</subfield>
         <subfield code="k">0</subfield>
      </datafield>
      <datafield tag="AVA" ind1=" " ind2=" ">
         <subfield code="a">NYU50</subfield>
         <subfield code="b">NISAW</subfield>
         <subfield code="c">Small Collection</subfield>
         <subfield code="d">CE33 .C644 2015 Non-circulating</subfield>
         <subfield code="e">available</subfield>
         <subfield code="t">Available</subfield>
         <subfield code="f">1</subfield>
         <subfield code="g">0</subfield>
         <subfield code="h">N</subfield>
         <subfield code="i">0</subfield>
         <subfield code="j">SMALL</subfield>
         <subfield code="k">0</subfield>
      </datafield>
      <marc:datafield tag="852" ind1=" " ind2=" ">
         <marc:subfield code="b">Institute for the Study of the Ancient World, </marc:subfield>
         <marc:subfield code="c">Small Collection</marc:subfield>
         <marc:subfield code="e">15 East 84th St., </marc:subfield>
         <marc:subfield code="e">New York, NY  10028</marc:subfield>
      </marc:datafield>
   </record>