
  
  
  
  
  
  
  
 
  
  <record xsi:schemaLocation="http://www.loc.gov/MARC21/slim http://www.loc.gov/standards/marcxml/schema/MARC21slim.xsd">
      <leader>00000cam a2200649 i 4500</leader>
      <controlfield tag="FMT">BK</controlfield>
      <controlfield tag="LDR">00000cam a2200649 i 4500</controlfield>
      <controlfield tag="001">004571622</controlfield>
      <controlfield tag="003">OCoLC</controlfield>
      <controlfield tag="005">20170130100834.0</controlfield>
      <controlfield tag="008">151123s2016    enkab    b    001 0 eng</controlfield>
      <datafield tag="010" ind1=" " ind2=" ">
         <subfield code="a">2015029900</subfield>
      </datafield>
      <datafield tag="020" ind1=" " ind2=" ">
         <subfield code="a">9781472458261 (hardcover : alkaline paper)</subfield>
      </datafield>
      <datafield tag="020" ind1=" " ind2=" ">
         <subfield code="a">1472458265 (hardcover : alkaline paper)</subfield>
      </datafield>
      <datafield tag="020" ind1=" " ind2=" ">
         <subfield code="z">9781472458278 (ebook)</subfield>
      </datafield>
      <datafield tag="020" ind1=" " ind2=" ">
         <subfield code="z">9781472458285 (ePub)</subfield>
      </datafield>
      <datafield tag="020" ind1=" " ind2=" ">
         <subfield code="z">9781315565514</subfield>
      </datafield>
      <datafield tag="035" ind1=" " ind2=" ">
         <subfield code="a">(OCoLC)950748012</subfield>
         <subfield code="z">(OCoLC)923551514</subfield>
         <subfield code="z">(OCoLC)929586022</subfield>
         <subfield code="z">(OCoLC)934506379</subfield>
         <subfield code="z">(OCoLC)945894577</subfield>
      </datafield>
      <datafield tag="040" ind1=" " ind2=" ">
         <subfield code="a">DLC</subfield>
         <subfield code="b">eng</subfield>
         <subfield code="e">rda</subfield>
         <subfield code="c">DLC</subfield>
         <subfield code="d">BTCTA</subfield>
         <subfield code="d">YDXCP</subfield>
         <subfield code="d">ERASA</subfield>
         <subfield code="d">CDX</subfield>
         <subfield code="d">BDX</subfield>
         <subfield code="d">GBVCP</subfield>
         <subfield code="d">STF</subfield>
         <subfield code="d">DGU</subfield>
         <subfield code="d">ZYU</subfield>
      </datafield>
      <datafield tag="042" ind1=" " ind2=" ">
         <subfield code="a">pcc</subfield>
      </datafield>
      <datafield tag="043" ind1=" " ind2=" ">
         <subfield code="a">mm-----</subfield>
      </datafield>
      <datafield tag="050" ind1="0" ind2="0">
         <subfield code="a">DE8</subfield>
         <subfield code="b">.A35 2016</subfield>
      </datafield>
      <datafield tag="079" ind1=" " ind2=" ">
         <subfield code="a">(OCoLC)950748012</subfield>
      </datafield>
      <datafield tag="082" ind1="0" ind2="0">
         <subfield code="a">909/.0982240072</subfield>
         <subfield code="2">23</subfield>
      </datafield>
      <datafield tag="084" ind1=" " ind2=" ">
         <subfield code="a">15.01</subfield>
         <subfield code="9">Historiographie</subfield>
         <subfield code="2">bcl</subfield>
      </datafield>
      <datafield tag="084" ind1=" " ind2=" ">
         <subfield code="a">15.25</subfield>
         <subfield code="9">Alte Geschichte</subfield>
         <subfield code="2">bcl</subfield>
      </datafield>
      <datafield tag="245" ind1="0" ind2="0">
         <subfield code="a">Across the Corrupting Sea :</subfield>
         <subfield code="b">Post-Braudelian Approaches to the Ancient Eastern Mediterranean /</subfield>
         <subfield code="c">edited by Cavan Concannon, Lindsey A. Mazurek.</subfield>
      </datafield>
      <datafield tag="264" ind1=" " ind2="1">
         <subfield code="a">London :</subfield>
         <subfield code="b">Routledge/Taylor &amp; Francis Group,</subfield>
         <subfield code="c">2016.</subfield>
      </datafield>
      <datafield tag="300" ind1=" " ind2=" ">
         <subfield code="a">x, 254 pages :</subfield>
         <subfield code="b">illustrations, maps ;</subfield>
         <subfield code="c">24 cm</subfield>
      </datafield>
      <datafield tag="336" ind1=" " ind2=" ">
         <subfield code="a">text</subfield>
         <subfield code="b">txt</subfield>
         <subfield code="2">rdacontent</subfield>
      </datafield>
      <datafield tag="337" ind1=" " ind2=" ">
         <subfield code="a">unmediated</subfield>
         <subfield code="b">n</subfield>
         <subfield code="2">rdamedia</subfield>
      </datafield>
      <datafield tag="338" ind1=" " ind2=" ">
         <subfield code="a">volume</subfield>
         <subfield code="b">nc</subfield>
         <subfield code="2">rdacarrier</subfield>
      </datafield>
      <datafield tag="520" ind1="2" ind2=" ">
         <subfield code="a">"Across the Corrupting Sea : Post-Braudelian Approaches to the Ancient Eastern Mediterranean reframes current discussions of the Mediterranean world by rereading the past with new methodological approaches. The work asks readers to consider how future studies might write histories of the Mediterranean, moving from the larger pan-Mediterranean approaches of The Corrupting Sea towards locally-oriented case studies. Spanning from the Archaic period to the early Middle Ages, contributors engage the pioneering studies of the Mediterranean by Fernand Braudel through the use of critical theory, GIS network analysis, and postcolonial cultural inquiries. Scholars from several time periods and disciplines rethink the Mediterranean as a geographic and cultural space shaped by human connectivity and follow the flow of ideas, ships, trade goods and pilgrims along the roads and seascapes that connected the Mediterranean across time and space. The volume thus interrogates key concepts like cabotage, seascapes, deep time, social networks, and connectivity in the light of contemporary archaeological and theoretical advances in order to create new ways of writing more diverse histories of the ancient world that bring together local contexts, literary materials, and archaeological analysis"--Provided by publisher.</subfield>
      </datafield>
      <datafield tag="504" ind1=" " ind2=" ">
         <subfield code="a">Includes bibliographical references (pages 211-251) and index.</subfield>
      </datafield>
      <datafield tag="505" ind1="0" ind2="0">
         <subfield code="g">Introduction.</subfield>
         <subfield code="t">A new connectivity for the 21st century /</subfield>
         <subfield code="r">Cavan Concannon and Lindsey A. Mazurek.</subfield>
         <subfield code="g">Part 1.</subfield>
         <subfield code="t">Cabotage and seascapes in the eastern Mediterranean.</subfield>
         <subfield code="t">Beyond Braudel : network models and a Samothracian seascape /</subfield>
         <subfield code="r">Sandra Blakely --</subfield>
         <subfield code="t">Material and textual narratives of authenticity : creating cabotage and memory in the Hellenistic eastern Mediterranean /</subfield>
         <subfield code="r">Lindsey A. Mazurek.</subfield>
         <subfield code="g">Part II.</subfield>
         <subfield code="t">Markets, connectivity, and the movement of religious texts.</subfield>
         <subfield code="t">Early Christian connectivity and ecclesial assemblages in Ignatius of Antioch /</subfield>
         <subfield code="r">Cavan Concannon --</subfield>
         <subfield code="t">Networks of influence : reconsidering Braudel in archaic Corinth /</subfield>
         <subfield code="r">Angela Ziskowski --</subfield>
         <subfield code="t">Toward a "text-market" approach to early Christianity /</subfield>
         <subfield code="r">Geoffrey S. Smith.</subfield>
         <subfield code="g">Part III.</subfield>
         <subfield code="t">Contesting the longue durée.</subfield>
         <subfield code="t">To obey by land and sea : empires, the Mediterranean, and cultural identity in Hellenistic and Roman Cyprus /</subfield>
         <subfield code="r">Jody M. Gordon --</subfield>
         <subfield code="t">Imperial surplus and local tastes : a comparative study of Mediterranean connectivity and trade /</subfield>
         <subfield code="r">William Caraher and David K. Pettegrew --</subfield>
         <subfield code="t">Subverting Braudel in Dalmatia : religion, landscape, and cultural mediation in the hinterland of the eastern Adriatic /</subfield>
         <subfield code="r">Danijel Dzino.</subfield>
      </datafield>
      <datafield tag="651" ind1=" " ind2="0">
         <subfield code="a">Mediterranean Region</subfield>
         <subfield code="x">History</subfield>
         <subfield code="y">To 476</subfield>
         <subfield code="x">Historiography.</subfield>
      </datafield>
      <datafield tag="651" ind1=" " ind2="0">
         <subfield code="a">Mediterranean Region</subfield>
         <subfield code="x">History</subfield>
         <subfield code="y">476-1517</subfield>
         <subfield code="x">Historiography.</subfield>
      </datafield>
      <datafield tag="600" ind1="1" ind2="0">
         <subfield code="a">Braudel, Fernand</subfield>
         <subfield code="x">Philosophy.</subfield>
      </datafield>
      <datafield tag="651" ind1=" " ind2="0">
         <subfield code="a">Mediterranean Region</subfield>
         <subfield code="x">Relations</subfield>
         <subfield code="x">Historiography.</subfield>
      </datafield>
      <datafield tag="650" ind1=" " ind2="0">
         <subfield code="a">Social networks</subfield>
         <subfield code="z">Mediterranean Region</subfield>
         <subfield code="x">History</subfield>
         <subfield code="y">To 1500</subfield>
         <subfield code="x">Historiography.</subfield>
      </datafield>
      <datafield tag="650" ind1=" " ind2="0">
         <subfield code="a">Cabotage</subfield>
         <subfield code="z">Mediterranean Region</subfield>
         <subfield code="x">History</subfield>
         <subfield code="y">To 1500</subfield>
         <subfield code="x">Historiography.</subfield>
      </datafield>
      <datafield tag="650" ind1=" " ind2="0">
         <subfield code="a">Seas</subfield>
         <subfield code="x">Social aspects</subfield>
         <subfield code="z">Mediterranean Region</subfield>
         <subfield code="x">History</subfield>
         <subfield code="y">To 1500</subfield>
         <subfield code="x">Historiography.</subfield>
      </datafield>
      <datafield tag="650" ind1=" " ind2="0">
         <subfield code="a">Space and time</subfield>
         <subfield code="x">Social aspects</subfield>
         <subfield code="z">Mediterranean Region</subfield>
         <subfield code="x">History</subfield>
         <subfield code="y">To 1500</subfield>
         <subfield code="x">Historiography.</subfield>
      </datafield>
      <datafield tag="651" ind1=" " ind2="0">
         <subfield code="a">Mediterranean Region</subfield>
         <subfield code="x">Antiquities.</subfield>
      </datafield>
      <datafield tag="650" ind1=" " ind2="0">
         <subfield code="a">Social archaeology.</subfield>
      </datafield>
      <datafield tag="655" ind1="0" ind2="7">
         <subfield code="a">Aufsatzsammlung.</subfield>
         <subfield code="2">gnd-content</subfield>
         <subfield code="0">(DE-588)4143413-4</subfield>
      </datafield>
      <datafield tag="700" ind1="1" ind2=" ">
         <subfield code="a">Concannon, Cavan W.,</subfield>
         <subfield code="d">1979-</subfield>
         <subfield code="e">editor.</subfield>
      </datafield>
      <datafield tag="700" ind1="1" ind2=" ">
         <subfield code="a">Mazurek, Lindsey A.,</subfield>
         <subfield code="e">editor.</subfield>
      </datafield>
      <datafield tag="856" ind1="4" ind2="2">
         <subfield code="3">Inhaltsbeschreibung &amp; Leseprobe</subfield>
         <subfield code="u">https://www.routledge.com/Across-the-Corrupting-Sea-Post-Braudelian-Approaches-to-the-Ancient-Eastern/Concannon-Mazurek/p/book/9781472458261</subfield>
      </datafield>
      <datafield tag="OWN" ind1=" " ind2=" ">
         <subfield code="a">GENERAL</subfield>
      </datafield>
      <datafield tag="AVA" ind1=" " ind2=" ">
         <subfield code="a">NYU50</subfield>
         <subfield code="b">NISAW</subfield>
         <subfield code="c">Small Collection</subfield>
         <subfield code="d">DE8 .A35 2016 Non-circulating</subfield>
         <subfield code="e">available</subfield>
         <subfield code="t">Available</subfield>
         <subfield code="f">1</subfield>
         <subfield code="g">0</subfield>
         <subfield code="h">N</subfield>
         <subfield code="i">0</subfield>
         <subfield code="j">SMALL</subfield>
         <subfield code="k">0</subfield>
      </datafield>
      <marc:datafield tag="852" ind1=" " ind2=" ">
         <marc:subfield code="b">Institute for the Study of the Ancient World, </marc:subfield>
         <marc:subfield code="c">Small Collection</marc:subfield>
         <marc:subfield code="e">15 East 84th St., </marc:subfield>
         <marc:subfield code="e">New York, NY  10028</marc:subfield>
      </marc:datafield>
   </record>