
  
  
  
  
  
  
  
  
  
  
  
 
  
  <record xsi:schemaLocation="http://www.loc.gov/MARC21/slim http://www.loc.gov/standards/marcxml/schema/MARC21slim.xsd">
      <leader>00000cam a2200625 i 4500</leader>
      <controlfield tag="FMT">BK</controlfield>
      <controlfield tag="LDR">00000cam a2200625 i 4500</controlfield>
      <controlfield tag="001">004230615</controlfield>
      <controlfield tag="003">OCoLC</controlfield>
      <controlfield tag="005">20170130102712.0</controlfield>
      <controlfield tag="008">150805t20162016enkae    b    001 0 eng</controlfield>
      <datafield tag="010" ind1=" " ind2=" ">
         <subfield code="a">2015025352</subfield>
      </datafield>
      <datafield tag="020" ind1=" " ind2=" ">
         <subfield code="a">9781444335330</subfield>
         <subfield code="q">(hardback)</subfield>
      </datafield>
      <datafield tag="020" ind1=" " ind2=" ">
         <subfield code="a">1444335332</subfield>
         <subfield code="q">(hardback)</subfield>
      </datafield>
      <datafield tag="024" ind1="8" ind2=" ">
         <subfield code="a">40025706875</subfield>
      </datafield>
      <datafield tag="035" ind1="7" ind2=" ">
         <subfield code="a">ybp11474019</subfield>
      </datafield>
      <datafield tag="035" ind1=" " ind2=" ">
         <subfield code="a">(OCoLC)938345332</subfield>
         <subfield code="z">(OCoLC)908397677</subfield>
         <subfield code="z">(OCoLC)909318241</subfield>
         <subfield code="z">(OCoLC)916684526</subfield>
      </datafield>
      <datafield tag="040" ind1=" " ind2=" ">
         <subfield code="a">DLC</subfield>
         <subfield code="b">eng</subfield>
         <subfield code="e">rda</subfield>
         <subfield code="c">STF</subfield>
         <subfield code="d">YDXCP</subfield>
         <subfield code="d">OCLCO</subfield>
         <subfield code="d">PUL</subfield>
         <subfield code="d">OCL</subfield>
         <subfield code="d">YUS</subfield>
         <subfield code="d">DLC</subfield>
         <subfield code="d">BTCTA</subfield>
         <subfield code="d">OCLCF</subfield>
         <subfield code="d">IWC</subfield>
         <subfield code="d">BDX</subfield>
         <subfield code="d">CHVBK</subfield>
         <subfield code="d">ICW</subfield>
         <subfield code="d">NBU</subfield>
         <subfield code="d">LMR</subfield>
         <subfield code="d">TLE</subfield>
         <subfield code="d">MUU</subfield>
         <subfield code="d">OCLCO</subfield>
         <subfield code="d">OCLCA</subfield>
         <subfield code="d">ZYU</subfield>
      </datafield>
      <datafield tag="042" ind1=" " ind2=" ">
         <subfield code="a">pcc</subfield>
      </datafield>
      <datafield tag="050" ind1="0" ind2="0">
         <subfield code="a">DS115.9.J6</subfield>
         <subfield code="b">C66 2016</subfield>
      </datafield>
      <datafield tag="079" ind1=" " ind2=" ">
         <subfield code="a">(OCoLC)938345332</subfield>
      </datafield>
      <datafield tag="082" ind1="0" ind2="0">
         <subfield code="a">933/.05</subfield>
         <subfield code="2">23</subfield>
      </datafield>
      <datafield tag="084" ind1=" " ind2=" ">
         <subfield code="a">LIT004190</subfield>
         <subfield code="2">bisacsh</subfield>
      </datafield>
      <datafield tag="245" ind1="0" ind2="2">
         <subfield code="a">A companion to Josephus /</subfield>
         <subfield code="c">edited by Honora Howell Chapman and Zuleika Rodgers.</subfield>
      </datafield>
      <datafield tag="264" ind1=" " ind2="1">
         <subfield code="a">Chichester, West Sussex, UK ;</subfield>
         <subfield code="a">Malden, MA :</subfield>
         <subfield code="b">John Wiley &amp; Sons, Inc.,</subfield>
         <subfield code="c">2016.</subfield>
      </datafield>
      <datafield tag="264" ind1=" " ind2="4">
         <subfield code="c">©2016</subfield>
      </datafield>
      <datafield tag="300" ind1=" " ind2=" ">
         <subfield code="a">xvi, 466 pages :</subfield>
         <subfield code="b">illustrations, plans ;</subfield>
         <subfield code="c">25 cm.</subfield>
      </datafield>
      <datafield tag="336" ind1=" " ind2=" ">
         <subfield code="a">text</subfield>
         <subfield code="b">txt</subfield>
         <subfield code="2">rdacontent</subfield>
      </datafield>
      <datafield tag="337" ind1=" " ind2=" ">
         <subfield code="a">unmediated</subfield>
         <subfield code="b">n</subfield>
         <subfield code="2">rdamedia</subfield>
      </datafield>
      <datafield tag="338" ind1=" " ind2=" ">
         <subfield code="a">volume</subfield>
         <subfield code="b">nc</subfield>
         <subfield code="2">rdacarrier</subfield>
      </datafield>
      <datafield tag="490" ind1="1" ind2=" ">
         <subfield code="a">Blackwell companions to the ancient world</subfield>
      </datafield>
      <datafield tag="504" ind1=" " ind2=" ">
         <subfield code="a">Includes bibliographical references and index.</subfield>
      </datafield>
      <datafield tag="520" ind1=" " ind2=" ">
         <subfield code="a">"Considered the most important historian of Jewish antiquity, the works of Flavius Josephus offer unparalleled insights into the world of Late Second Temple Judaism, the dawn of Christianity, and the early years of the Roman Empire. A Companion to Josephus presents a collection of readings that probe deeply into aspects relating to the four extant works of the first century Jewish historian Flavius Josephus. Featuring contributions from more than two dozen renowned international scholars specializing in Josephus and related studies, readings introduce the writings of Josephus, put them into historical contexts, explore their transmission and reception, and highlight contemporary scholarly approaches to two millennia of Josephan studies. Following an examination of the four individual texts and their manuscript tradition and situating the writings of Josephus among contemporaneous Greek, Roman, Jewish, and Christian works, a wide variety of themes are explored--the archaeology of Galilee, military history, the Jerusalem Temple, women, Jewish rulers, and more. Further readings follow the transmission and reception of the Josephan corpus along its remarkable journey from Late Antiquity through to the Medieval, early Modern, and Modern periods. In the first single-volume scholarly guide to Josephus, A Companion to Josephus sheds important new light into the writings of an eyewitness to a pivotal point in world history"--</subfield>
         <subfield code="c">Provided by publisher.</subfield>
      </datafield>
      <datafield tag="505" ind1="0" ind2="0">
         <subfield code="g">Part I.</subfield>
         <subfield code="t">Writings.</subfield>
         <subfield code="g">1.</subfield>
         <subfield code="t">Josephus's Judean War /</subfield>
         <subfield code="r">Steve Mason --</subfield>
         <subfield code="g">2.</subfield>
         <subfield code="t">Many Sources but a Single Author: Josephus's Jewish Antiquities /</subfield>
         <subfield code="r">Daniel R. Schwartz --</subfield>
         <subfield code="g">3.</subfield>
         <subfield code="t">Josephus's Autobiography (Life of Josephus) /</subfield>
         <subfield code="r">Steve Mason --</subfield>
         <subfield code="g">4.</subfield>
         <subfield code="t">Against Apion / r John Barclay.</subfield>
         <subfield code="g">Part II.</subfield>
         <subfield code="g">5.</subfield>
         <subfield code="t">Josephus's literary context.</subfield>
         <subfield code="t">Josephus as a Roman Historian /</subfield>
         <subfield code="r">Steve Mason --</subfield>
         <subfield code="g">6.</subfield>
         <subfield code="t">Josephus and Greek Imperial Literature /</subfield>
         <subfield code="r">Eran Almagor --</subfield>
         <subfield code="g">7.</subfield>
         <subfield code="t">Josephus and the Bible /</subfield>
         <subfield code="r">Paul Spilsbury --</subfield>
         <subfield code="g">8.</subfield>
         <subfield code="t">Josephus and Philo in Rome /</subfield>
         <subfield code="r">Maren R. Niehoff --</subfield>
         <subfield code="g">9.</subfield>
         <subfield code="t">Josephus and the New Testament /</subfield>
         <subfield code="r">Helen K. Bond.</subfield>
         <subfield code="g">Part III.</subfield>
         <subfield code="t">Themes.</subfield>
         <subfield code="g">10.</subfield>
         <subfield code="t">Josephus and the Archaeology of Galilee /</subfield>
         <subfield code="r">Zeev Weiss --</subfield>
         <subfield code="g">11.</subfield>
         <subfield code="t">Josephus as a Military Historian /</subfield>
         <subfield code="r">Jonathan P. Roth --</subfield>
         <subfield code="g">12.</subfield>
         <subfield code="t">Josephus on Women /</subfield>
         <subfield code="r">Tal Ilan --</subfield>
         <subfield code="g">13.</subfield>
         <subfield code="t">The Hasmoneans in Josephus /</subfield>
         <subfield code="r">Erich S. Gruen --</subfield>
         <subfield code="g">14.</subfield>
         <subfield code="t">Herod the Great in Josephus /</subfield>
         <subfield code="r">Jan Willem van Henten --</subfield>
         <subfield code="g">15.</subfield>
         <subfield code="t">The Herodian Temple in Josephus /</subfield>
         <subfield code="r">David A. Kaden --</subfield>
         <subfield code="g">16.</subfield>
      </datafield>
      <datafield tag="505" ind1="0" ind2="0">
         <subfield code="9"/>
         <subfield code="t">Josephus and the Jewish Sects /</subfield>
         <subfield code="r">Albert I. Baumgarten --</subfield>
         <subfield code="g">17.</subfield>
         <subfield code="t">Josephus and the Priesthood /</subfield>
         <subfield code="r">James S. McLaren --</subfield>
         <subfield code="g">18.</subfield>
         <subfield code="t">Josephus and Halacha /</subfield>
         <subfield code="r">David Nakman --</subfield>
         <subfield code="g">19.</subfield>
         <subfield code="t">Josephus and Rabbinic Literature /</subfield>
         <subfield code="r">Richard Kalmin.</subfield>
         <subfield code="g">Part IV.</subfield>
         <subfield code="t">Transmission and reception history.</subfield>
         <subfield code="g">20.</subfield>
         <subfield code="t">The Text of the Josephan Corpus: Principal Greek Manuscripts, Ancient Latin Translations, and the Indirect Tradition /</subfield>
         <subfield code="r">Tommaso Leoni --</subfield>
         <subfield code="g">21.</subfield>
         <subfield code="t">The Ancient Latin Translations of Josephus /</subfield>
         <subfield code="r">David B. Levenson and Thomas R. Martin --</subfield>
         <subfield code="g">22.</subfield>
         <subfield code="t">The Testimonium Flavianum /</subfield>
         <subfield code="r">Alice Whealey --</subfield>
         <subfield code="g">23.</subfield>
         <subfield code="t">Josephus and Patristic Literature /</subfield>
         <subfield code="r">Sabrina Inowlocki --</subfield>
         <subfield code="g">24.</subfield>
         <subfield code="t">The Christian Reception of Josephus in Late Antiquity and the Middle Ages /</subfield>
         <subfield code="r">Karen M. Kletter --</subfield>
         <subfield code="g">25.</subfield>
         <subfield code="t">Sefer Yosippon (Josippon) /</subfield>
         <subfield code="r">Saskia Dönitz --</subfield>
         <subfield code="g">26.</subfield>
         <subfield code="t">The Slavonic Version of Josephus's Jewish War /</subfield>
         <subfield code="r">Kate Leeming --</subfield>
         <subfield code="g">27.</subfield>
         <subfield code="t">Josephus in Renaissance Italy /</subfield>
         <subfield code="r">Silvia Castelli --</subfield>
         <subfield code="g">28.</subfield>
      </datafield>
      <datafield tag="505" ind1="0" ind2="0">
         <subfield code="9"/>
         <subfield code="t">A Note on English Translations of Josephus from Thomas Lodge to D.S. Margoliouth /</subfield>
         <subfield code="r">Gohei Hata --</subfield>
         <subfield code="g">29.</subfield>
         <subfield code="t">From Masada to Jotapata: On Josephus in Twentieth-Century Hebrew Scholarship /</subfield>
         <subfield code="r">Daniel R. Schwartz --</subfield>
         <subfield code="g">30.</subfield>
         <subfield code="t">Josephus Comicus in Monty Python's Life of Brian and History of the World, Part 1 /</subfield>
         <subfield code="r">Honora Howell Chapman.</subfield>
      </datafield>
      <datafield tag="600" ind1="1" ind2="0">
         <subfield code="a">Josephus, Flavius.</subfield>
      </datafield>
      <datafield tag="650" ind1=" " ind2="0">
         <subfield code="a">Judaism</subfield>
         <subfield code="x">History</subfield>
         <subfield code="y">Post-exilic period, 586 B.C.-210 A.D.</subfield>
      </datafield>
      <datafield tag="600" ind1="1" ind2="7">
         <subfield code="a">Josephus, Flavius.</subfield>
         <subfield code="2">fast</subfield>
         <subfield code="0">(OCoLC)fst00049975</subfield>
      </datafield>
      <datafield tag="650" ind1=" " ind2="7">
         <subfield code="a">Judaism</subfield>
         <subfield code="x">Post-exilic period (Judaism)</subfield>
         <subfield code="2">fast</subfield>
         <subfield code="0">(OCoLC)fst01907049</subfield>
      </datafield>
      <datafield tag="600" ind1="1" ind2="7">
         <subfield code="a">Josephus, Flavius</subfield>
         <subfield code="d">37-100.</subfield>
         <subfield code="2">gnd</subfield>
      </datafield>
      <datafield tag="648" ind1=" " ind2="7">
         <subfield code="a">586 B.C.-210 A.D.</subfield>
         <subfield code="2">fast</subfield>
      </datafield>
      <datafield tag="655" ind1=" " ind2="7">
         <subfield code="a">History.</subfield>
         <subfield code="2">fast</subfield>
         <subfield code="0">(OCoLC)fst01411628</subfield>
      </datafield>
      <datafield tag="700" ind1="1" ind2=" ">
         <subfield code="a">Chapman, Honora Howell,</subfield>
         <subfield code="e">editor.</subfield>
      </datafield>
      <datafield tag="700" ind1="1" ind2=" ">
         <subfield code="a">Rodgers, Zuleika,</subfield>
         <subfield code="e">editor.</subfield>
      </datafield>
      <datafield tag="776" ind1="0" ind2="8">
         <subfield code="i">Online version:</subfield>
         <subfield code="t">Companion to Josephus in his world</subfield>
         <subfield code="d">Chichester, West Sussex, UK ; Malden, MA : John Wiley &amp; Sons, Inc., 2016</subfield>
         <subfield code="z">9781118325193</subfield>
         <subfield code="w">(DLC) 2015030964</subfield>
      </datafield>
      <datafield tag="830" ind1=" " ind2="0">
         <subfield code="a">Blackwell companions to the ancient world.</subfield>
      </datafield>
      <datafield tag="856" ind1="4" ind2="2">
         <subfield code="3">Cover image</subfield>
         <subfield code="u">http://catalogimages.wiley.com/images/db/jimages/9781444335330.jpg</subfield>
      </datafield>
      <datafield tag="OWN" ind1=" " ind2=" ">
         <subfield code="a">GENERAL</subfield>
      </datafield>
      <datafield tag="AVA" ind1=" " ind2=" ">
         <subfield code="a">NYU50</subfield>
         <subfield code="b">BOBST</subfield>
         <subfield code="c">1st Floor Reference</subfield>
         <subfield code="d">DS115.9.J6 C66 2016 Non-circulating</subfield>
         <subfield code="e">available</subfield>
         <subfield code="t">Available</subfield>
         <subfield code="f">1</subfield>
         <subfield code="g">0</subfield>
         <subfield code="h">N</subfield>
         <subfield code="i">0</subfield>
         <subfield code="j">REF1</subfield>
         <subfield code="k">0</subfield>
      </datafield>
      <datafield tag="AVA" ind1=" " ind2=" ">
         <subfield code="a">NYU50</subfield>
         <subfield code="b">NISAW</subfield>
         <subfield code="c">Small Collection</subfield>
         <subfield code="d">DS115.9.J6 C66 2016 Non-circulating</subfield>
         <subfield code="e">available</subfield>
         <subfield code="t">Available</subfield>
         <subfield code="f">1</subfield>
         <subfield code="g">0</subfield>
         <subfield code="h">N</subfield>
         <subfield code="i">0</subfield>
         <subfield code="j">SMALL</subfield>
         <subfield code="k">0</subfield>
      </datafield>
      <marc:datafield tag="852" ind1=" " ind2=" ">
         <marc:subfield code="b">Institute for the Study of the Ancient World, </marc:subfield>
         <marc:subfield code="c">Small Collection</marc:subfield>
         <marc:subfield code="e">15 East 84th St., </marc:subfield>
         <marc:subfield code="e">New York, NY  10028</marc:subfield>
      </marc:datafield>
   </record>