
  
  
  
  
  
  
  
  
  
  
 
  
  <record xsi:schemaLocation="http://www.loc.gov/MARC21/slim http://www.loc.gov/standards/marcxml/schema/MARC21slim.xsd">
      <leader>00000cam a2200481 i 4500</leader>
      <controlfield tag="FMT">BK</controlfield>
      <controlfield tag="LDR">00000cam a2200481 i 4500</controlfield>
      <controlfield tag="001">004384949</controlfield>
      <controlfield tag="003">OCoLC</controlfield>
      <controlfield tag="005">20170127093321.0</controlfield>
      <controlfield tag="008">160823m20132015ru ab    be   000 0 rus c</controlfield>
      <datafield tag="020" ind1=" " ind2=" ">
         <subfield code="a">9785767021123</subfield>
      </datafield>
      <datafield tag="020" ind1=" " ind2=" ">
         <subfield code="a">5767021120</subfield>
      </datafield>
      <datafield tag="035" ind1=" " ind2=" ">
         <subfield code="a">(OCoLC)893856947</subfield>
      </datafield>
      <datafield tag="040" ind1=" " ind2=" ">
         <subfield code="a">EVIEW</subfield>
         <subfield code="b">eng</subfield>
         <subfield code="e">rda</subfield>
         <subfield code="c">EVIEW</subfield>
         <subfield code="d">OCLCQ</subfield>
         <subfield code="d">CGU</subfield>
         <subfield code="d">OCLCF</subfield>
         <subfield code="d">NNU</subfield>
      </datafield>
      <datafield tag="042" ind1=" " ind2=" ">
         <subfield code="a">pcc</subfield>
      </datafield>
      <datafield tag="043" ind1=" " ind2=" ">
         <subfield code="a">e-ru---</subfield>
      </datafield>
      <datafield tag="050" ind1=" " ind2="4">
         <subfield code="a">DK511.C5</subfield>
         <subfield code="b">A64 2013</subfield>
      </datafield>
      <datafield tag="066" ind1=" " ind2=" ">
         <subfield code="c">(N</subfield>
      </datafield>
      <datafield tag="245" ind1="0" ind2="0">
         <subfield code="6">880-01</subfield>
         <subfield code="a">Arkheologicheskai͡a karta Chuvashskoĭ Respubliki /</subfield>
         <subfield code="c">otvetstvennye redaktory E.P. Mikhaĭlov, N.S. Berezina.</subfield>
      </datafield>
      <datafield tag="264" ind1=" " ind2="1">
         <subfield code="6">880-02</subfield>
         <subfield code="a">Cheboksary :</subfield>
         <subfield code="b">Chuvashskoe knizhnoe izdatelʹstvo,</subfield>
         <subfield code="c">2013-2015.</subfield>
      </datafield>
      <datafield tag="300" ind1=" " ind2=" ">
         <subfield code="a">3 volumes :</subfield>
         <subfield code="b">illustrations, maps ;</subfield>
         <subfield code="c">29 cm</subfield>
      </datafield>
      <datafield tag="336" ind1=" " ind2=" ">
         <subfield code="a">text</subfield>
         <subfield code="b">txt</subfield>
         <subfield code="2">rdacontent</subfield>
      </datafield>
      <datafield tag="337" ind1=" " ind2=" ">
         <subfield code="a">unmediated</subfield>
         <subfield code="b">n</subfield>
         <subfield code="2">rdamedia</subfield>
      </datafield>
      <datafield tag="338" ind1=" " ind2=" ">
         <subfield code="a">volume</subfield>
         <subfield code="b">nc</subfield>
         <subfield code="2">rdacarrier</subfield>
      </datafield>
      <datafield tag="500" ind1=" " ind2=" ">
         <subfield code="6">880-03</subfield>
         <subfield code="a">At head of title: Chuvashskiĭ gosudarstvennyĭ institut gumanitarnykh nauk.</subfield>
      </datafield>
      <datafield tag="504" ind1=" " ind2=" ">
         <subfield code="a">Includes bibliographical references.</subfield>
      </datafield>
      <datafield tag="505" ind1="0" ind2="0">
         <subfield code="6">880-04</subfield>
         <subfield code="g">t. 1.</subfield>
         <subfield code="t">Alatyrskiĭ raĭon, Alikovskiĭ raĭon, Batyrevskiĭ raĭon, Vurnarskiĭ raĭon, Ibresinskiĭ raĭon, Kanashskiĭ raĭon, Kozlovskiĭ raĭon, Komsomolʹskiĭ raĭon, Krasnoarmeĭskiĭ raĭon --</subfield>
         <subfield code="g">t. 2.</subfield>
         <subfield code="t">Krasnochetaĭskiĭ raĭon, Mariinsko-Posadskiĭ raĭon, Morgaushskiĭ raĭon, Poret͡skiĭ raĭon, Urmarskiĭ raĭon, T͡Sivilʹskiĭ raĭon --</subfield>
         <subfield code="g">t. 3.</subfield>
         <subfield code="t">Cheboksarskiĭ raĭon, Cheboksary, gorod, Shemurshinskiĭ raĭon, Shumerlinskiĭ raĭon, I͡Adrinskiĭ raĭon, I͡Alʹchikskiĭ raĭon, I͡Antikovskiĭ raĭon, Chuvashskai͡a Respublika (nakhodki).</subfield>
      </datafield>
      <datafield tag="651" ind1=" " ind2="0">
         <subfield code="a">Chuvashia (Russia)</subfield>
         <subfield code="x">Antiquities</subfield>
         <subfield code="v">Encyclopedias.</subfield>
      </datafield>
      <datafield tag="650" ind1=" " ind2="0">
         <subfield code="a">Excavations (Archaeology)</subfield>
         <subfield code="z">Russia (Federation)</subfield>
         <subfield code="z">Chuvashia</subfield>
         <subfield code="v">Encyclopedias.</subfield>
      </datafield>
      <datafield tag="700" ind1="1" ind2=" ">
         <subfield code="6">880-05</subfield>
         <subfield code="a">Mikhaĭlov, E. P.,</subfield>
         <subfield code="e">editor.</subfield>
      </datafield>
      <datafield tag="700" ind1="1" ind2=" ">
         <subfield code="6">880-06</subfield>
         <subfield code="a">Berezina, N. S.,</subfield>
         <subfield code="e">editor.</subfield>
      </datafield>
      <datafield tag="710" ind1="2" ind2=" ">
         <subfield code="6">880-07</subfield>
         <subfield code="a">Chuvashskiĭ gosudarstvennyĭ institut gumanitarnykh nauk,</subfield>
         <subfield code="e">issuing body.</subfield>
      </datafield>
      <datafield tag="880" ind1="0" ind2="0">
         <subfield code="6">245-01/</subfield>
         <subfield code="a">Археологическая карта Чувашской Республики /</subfield>
         <subfield code="c">ответственные редакторы Е.П. Михайлов, Н.С. Березина.</subfield>
      </datafield>
      <datafield tag="880" ind1=" " ind2="1">
         <subfield code="6">264-02/</subfield>
         <subfield code="a">Чебоксары :</subfield>
         <subfield code="b">Чувашское книжное издательство,</subfield>
         <subfield code="c">2013-2015.</subfield>
      </datafield>
      <datafield tag="880" ind1=" " ind2=" ">
         <subfield code="6">500-03/</subfield>
         <subfield code="a">Аt head of title: Чувашский государственный институт гуманитарных наук.</subfield>
      </datafield>
      <datafield tag="880" ind1="0" ind2="0">
         <subfield code="6">505-04/</subfield>
         <subfield code="g">т. 1.</subfield>
         <subfield code="t">Алатырский район, Аликовский район, Батыревский район, Вурнарский район, Ибресинский район, Канашский район, Козловский район, Комсомольский район, Красноармейский район --</subfield>
         <subfield code="g">т. 2.</subfield>
         <subfield code="t">Красночетайский район, Мариинско-Посадский район, Моргаушский район, Порецкий район, Урманский район, Цивильский район --</subfield>
         <subfield code="g">т. 3.</subfield>
         <subfield code="t">Чебоксарский район, Чебоксары, город, Шемуршинский район, Шумерлинский район, Ядринский район, Яльчикский район, Янтиковский район, Чувашская Республика (находки).</subfield>
      </datafield>
      <datafield tag="880" ind1="1" ind2=" ">
         <subfield code="6">700-05/</subfield>
         <subfield code="a">Михайлов, Е. П.,</subfield>
         <subfield code="e">еditor.</subfield>
      </datafield>
      <datafield tag="880" ind1="1" ind2=" ">
         <subfield code="6">700-06/</subfield>
         <subfield code="a">Березина, Н. С.,</subfield>
         <subfield code="e">еditor.</subfield>
      </datafield>
      <datafield tag="880" ind1="2" ind2=" ">
         <subfield code="6">710-07/</subfield>
         <subfield code="a">Чувашский государственный институт гуманитарных наук,</subfield>
         <subfield code="e">issuing body</subfield>
      </datafield>
      <datafield tag="994" ind1=" " ind2=" ">
         <subfield code="a">Z0</subfield>
         <subfield code="b">ZYU</subfield>
      </datafield>
      <datafield tag="OWN" ind1=" " ind2=" ">
         <subfield code="a">GENERAL</subfield>
      </datafield>
      <datafield tag="AVA" ind1=" " ind2=" ">
         <subfield code="a">NYU50</subfield>
         <subfield code="b">NISAW</subfield>
         <subfield code="c">Large Collection</subfield>
         <subfield code="d">DK511.C5 A64 2013 Non-circulating</subfield>
         <subfield code="e">available</subfield>
         <subfield code="t">Available</subfield>
         <subfield code="f">3</subfield>
         <subfield code="g">0</subfield>
         <subfield code="h">Y</subfield>
         <subfield code="i">0</subfield>
         <subfield code="j">LARGE</subfield>
         <subfield code="k">0</subfield>
      </datafield>
      <marc:datafield tag="852" ind1=" " ind2=" ">
         <marc:subfield code="b">Institute for the Study of the Ancient World, </marc:subfield>
         <marc:subfield code="c">Large Collection</marc:subfield>
         <marc:subfield code="e">15 East 84th St., </marc:subfield>
         <marc:subfield code="e">New York, NY  10028</marc:subfield>
      </marc:datafield>
   </record>