
  
  
  
  
  
  
  
  
  
 
  
  <record xsi:schemaLocation="http://www.loc.gov/MARC21/slim http://www.loc.gov/standards/marcxml/schema/MARC21slim.xsd">
      <leader>00000cam a2200517Ii 4500</leader>
      <controlfield tag="FMT">BK</controlfield>
      <controlfield tag="LDR">00000cam a2200517Ii 4500</controlfield>
      <controlfield tag="001">004599263</controlfield>
      <controlfield tag="003">OCoLC</controlfield>
      <controlfield tag="005">20170317091812.0</controlfield>
      <controlfield tag="008">150427s2015    enkabe   b    000 0 eng d</controlfield>
      <datafield tag="020" ind1=" " ind2=" ">
         <subfield code="a">1784911186</subfield>
         <subfield code="q">pbk.</subfield>
      </datafield>
      <datafield tag="020" ind1=" " ind2=" ">
         <subfield code="a">9781784911188</subfield>
         <subfield code="q">pbk.</subfield>
      </datafield>
      <datafield tag="024" ind1="3" ind2=" ">
         <subfield code="a">9781784911188</subfield>
      </datafield>
      <datafield tag="035" ind1=" " ind2=" ">
         <subfield code="a">(OCoLC)908681316</subfield>
         <subfield code="z">(OCoLC)910977545</subfield>
      </datafield>
      <datafield tag="040" ind1=" " ind2=" ">
         <subfield code="a">CDX</subfield>
         <subfield code="b">eng</subfield>
         <subfield code="e">rda</subfield>
         <subfield code="c">CDX</subfield>
         <subfield code="d">OCLCQ</subfield>
         <subfield code="d">YDXCP</subfield>
         <subfield code="d">EQO</subfield>
         <subfield code="d">OCLCO</subfield>
         <subfield code="d">OCLCQ</subfield>
         <subfield code="d">UAB</subfield>
         <subfield code="d">DEBSZ</subfield>
         <subfield code="d">ZYU</subfield>
      </datafield>
      <datafield tag="043" ind1=" " ind2=" ">
         <subfield code="a">a-jo---</subfield>
         <subfield code="a">a-su---</subfield>
      </datafield>
      <datafield tag="050" ind1=" " ind2="4">
         <subfield code="a">DS154.9.A5</subfield>
         <subfield code="b">A53 2015</subfield>
      </datafield>
      <datafield tag="079" ind1=" " ind2=" ">
         <subfield code="a">(OCoLC)908681316</subfield>
      </datafield>
      <datafield tag="082" ind1="0" ind2="4">
         <subfield code="a">933/.5</subfield>
         <subfield code="2">23</subfield>
      </datafield>
      <datafield tag="100" ind1="1" ind2=" ">
         <subfield code="a">Anastasio, Stefano,</subfield>
         <subfield code="e">author.</subfield>
      </datafield>
      <datafield tag="245" ind1="1" ind2="4">
         <subfield code="a">The 1927-1938 Italian archaeological expedition to Transjordan in Renato Bartoccini's archives /</subfield>
         <subfield code="c">Stefano Anastasio and Lucia Botarelli.</subfield>
      </datafield>
      <datafield tag="246" ind1="3" ind2="8">
         <subfield code="a">1927-1938 Italian archaeological expedition to Transjordan</subfield>
      </datafield>
      <datafield tag="264" ind1=" " ind2="1">
         <subfield code="a">Oxford [U.K.] :</subfield>
         <subfield code="b">Archaeopress Archaeology,</subfield>
         <subfield code="c">[2015]</subfield>
      </datafield>
      <datafield tag="300" ind1=" " ind2=" ">
         <subfield code="a">242 pages :</subfield>
         <subfield code="b">illustrations, maps, plans ;</subfield>
         <subfield code="c">30 cm</subfield>
      </datafield>
      <datafield tag="336" ind1=" " ind2=" ">
         <subfield code="a">text</subfield>
         <subfield code="b">txt</subfield>
         <subfield code="2">rdacontent</subfield>
      </datafield>
      <datafield tag="336" ind1=" " ind2=" ">
         <subfield code="a">still image</subfield>
         <subfield code="b">sti</subfield>
         <subfield code="2">rdacontent</subfield>
      </datafield>
      <datafield tag="337" ind1=" " ind2=" ">
         <subfield code="a">unmediated</subfield>
         <subfield code="b">n</subfield>
         <subfield code="2">rdamedia</subfield>
      </datafield>
      <datafield tag="338" ind1=" " ind2=" ">
         <subfield code="a">volume</subfield>
         <subfield code="b">nc</subfield>
         <subfield code="2">rdacarrier</subfield>
      </datafield>
      <datafield tag="504" ind1=" " ind2=" ">
         <subfield code="a">Includes bibliographical references (p. [237]-242).</subfield>
      </datafield>
      <datafield tag="505" ind1="0" ind2="0">
         <subfield code="t">Forword /</subfield>
         <subfield code="r">S. Anastasio and L. Botarelli --</subfield>
         <subfield code="t">Renato Bartoccini and his Archives /</subfield>
         <subfield code="r">S. Anastasio --</subfield>
         <subfield code="t">The Amman Citadel /</subfield>
         <subfield code="r">L. Botarelli --</subfield>
         <subfield code="t">Research in Amman prior to the Italian Expedition /</subfield>
         <subfield code="r">S. Anastasio --</subfield>
         <subfield code="t">The 1927-1939 Italian Expedition /</subfield>
         <subfield code="r">S. Anastasio --</subfield>
         <subfield code="t">Investigations in Amman After the Italian Expedition /</subfield>
         <subfield code="r">S. Anastasio --</subfield>
         <subfield code="t">The Excavations and the Surveys carried out by the Italian Expedition /</subfield>
         <subfield code="r">S. Anasasio and L. Botarelli --</subfield>
         <subfield code="t">The Lower Terrace /</subfield>
         <subfield code="r">S. Anastasio --</subfield>
         <subfield code="t">The Fortifications /</subfield>
         <subfield code="r">S. Anastasio --</subfield>
         <subfield code="t">The Roman Temple /</subfield>
         <subfield code="r">L. Botarelli --</subfield>
         <subfield code="t">The Water Cisterns /</subfield>
         <subfield code="r">L. Botarelli --</subfield>
         <subfield code="t">The Byzantine Church /</subfield>
         <subfield code="r">L. Botarelli --</subfield>
         <subfield code="t">The Audience Hall /</subfield>
         <subfield code="r">S. Anastasio --</subfield>
         <subfield code="t">The Umayyad Palace /</subfield>
         <subfield code="r">S. Anastasio --</subfield>
         <subfield code="t">Architectural Elements /</subfield>
         <subfield code="r">S. Anastasio --</subfield>
         <subfield code="t">The Theatre /</subfield>
         <subfield code="r">L. Botarelli --</subfield>
         <subfield code="t">The Odeon /</subfield>
         <subfield code="r">L. Botarelli --</subfield>
         <subfield code="t">The Nymphaeum /</subfield>
         <subfield code="r">L. Botarelli --</subfield>
         <subfield code="t">The Surveys outside Amman /</subfield>
         <subfield code="r">S. Anastasio --</subfield>
         <subfield code="t">The Pottery held at the Museo Internazionale delle Ceramiche in Faenza /</subfield>
         <subfield code="r">L. Botarelli --</subfield>
         <subfield code="t">Conclusions /</subfield>
         <subfield code="r">S. Anastasio and L. Botarelli --</subfield>
         <subfield code="t">Appendixes /</subfield>
         <subfield code="r">L. Botarelli.</subfield>
      </datafield>
      <datafield tag="651" ind1=" " ind2="7">
         <subfield code="a">Amman/Philadelpheia.</subfield>
         <subfield code="2">pleiades</subfield>
         <subfield code="0">https://pleiades.stoa.org/places/697728</subfield>
         <subfield code="5">NyNyUAW</subfield>
      </datafield>
      <datafield tag="600" ind1="1" ind2="0">
         <subfield code="a">Bartoccini, Renato,</subfield>
         <subfield code="d">1893-1963.</subfield>
      </datafield>
      <datafield tag="650" ind1=" " ind2="0">
         <subfield code="a">Excavations (Archaeology)</subfield>
         <subfield code="z">Jordan.</subfield>
      </datafield>
      <datafield tag="650" ind1=" " ind2="0">
         <subfield code="a">Excavations (Archaeology)</subfield>
         <subfield code="z">Jordan</subfield>
         <subfield code="z">Amman.</subfield>
      </datafield>
      <datafield tag="650" ind1=" " ind2="0">
         <subfield code="a">Excavations (Archaeology)</subfield>
         <subfield code="z">Saudi Arabia.</subfield>
      </datafield>
      <datafield tag="651" ind1=" " ind2="0">
         <subfield code="a">Jordan</subfield>
         <subfield code="x">Antiquities.</subfield>
      </datafield>
      <datafield tag="651" ind1=" " ind2="0">
         <subfield code="a">Amman (Jordan)</subfield>
         <subfield code="x">Antiquities.</subfield>
      </datafield>
      <datafield tag="651" ind1=" " ind2="0">
         <subfield code="a">Amman (Jordan)</subfield>
         <subfield code="x">Buildings, structures, etc.</subfield>
      </datafield>
      <datafield tag="651" ind1=" " ind2="0">
         <subfield code="a">Saudi Arabia</subfield>
         <subfield code="x">Antiquities.</subfield>
      </datafield>
      <datafield tag="651" ind1=" " ind2="0">
         <subfield code="a">Jordan</subfield>
         <subfield code="x">History.</subfield>
      </datafield>
      <datafield tag="651" ind1=" " ind2="0">
         <subfield code="a">Saudi Arabia</subfield>
         <subfield code="x">History.</subfield>
      </datafield>
      <datafield tag="700" ind1="1" ind2=" ">
         <subfield code="a">Botarelli, Lucia.,</subfield>
         <subfield code="e">author.</subfield>
      </datafield>
      <datafield tag="OWN" ind1=" " ind2=" ">
         <subfield code="a">GENERAL</subfield>
      </datafield>
      <datafield tag="AVA" ind1=" " ind2=" ">
         <subfield code="a">NYU50</subfield>
         <subfield code="b">NISAW</subfield>
         <subfield code="c">Large Collection</subfield>
         <subfield code="d">DS154.9.A5 A77 2015 Non-circulating</subfield>
         <subfield code="e">available</subfield>
         <subfield code="t">Available</subfield>
         <subfield code="f">1</subfield>
         <subfield code="g">0</subfield>
         <subfield code="h">N</subfield>
         <subfield code="i">0</subfield>
         <subfield code="j">LARGE</subfield>
         <subfield code="k">0</subfield>
      </datafield>
      <marc:datafield tag="852" ind1=" " ind2=" ">
         <marc:subfield code="b">Institute for the Study of the Ancient World, </marc:subfield>
         <marc:subfield code="c">Large Collection</marc:subfield>
         <marc:subfield code="e">15 East 84th St., </marc:subfield>
         <marc:subfield code="e">New York, NY  10028</marc:subfield>
      </marc:datafield>
   </record>