
  
  
  
  
  
  
  
  
  
  
  
  
 
  
  <record xsi:schemaLocation="http://www.loc.gov/MARC21/slim http://www.loc.gov/standards/marcxml/schema/MARC21slim.xsd">
      <leader>00000cam a2200589Ma 4500</leader>
      <controlfield tag="FMT">BK</controlfield>
      <controlfield tag="LDR">00000cam a2200589Ma 4500</controlfield>
      <controlfield tag="001">002498846</controlfield>
      <controlfield tag="003">OCoLC</controlfield>
      <controlfield tag="005">20170131152318.0</controlfield>
      <controlfield tag="008">040912m19751980ne abe        000 0 eng d</controlfield>
      <datafield tag="010" ind1=" " ind2=" ">
         <subfield code="a">74083722</subfield>
      </datafield>
      <datafield tag="020" ind1=" " ind2=" ">
         <subfield code="z">0720480722</subfield>
         <subfield code="q">(vol. 1)</subfield>
      </datafield>
      <datafield tag="020" ind1=" " ind2=" ">
         <subfield code="a">0444106774</subfield>
         <subfield code="q">(vol. 1)</subfield>
      </datafield>
      <datafield tag="020" ind1=" " ind2=" ">
         <subfield code="a">0720405319</subfield>
         <subfield code="q">(vol. 2)</subfield>
      </datafield>
      <datafield tag="020" ind1=" " ind2=" ">
         <subfield code="a">0444852840</subfield>
         <subfield code="q">(vol. 3)</subfield>
      </datafield>
      <datafield tag="035" ind1=" " ind2=" ">
         <subfield code="a">(OCoLC)610534540</subfield>
      </datafield>
      <datafield tag="040" ind1=" " ind2=" ">
         <subfield code="a">IL4I4</subfield>
         <subfield code="b">eng</subfield>
         <subfield code="c">IL4I4</subfield>
         <subfield code="d">CMA</subfield>
         <subfield code="d">OCLCF</subfield>
         <subfield code="d">OCLCO</subfield>
         <subfield code="d">OCLCQ</subfield>
         <subfield code="d">ZYU</subfield>
      </datafield>
      <datafield tag="041" ind1="0" ind2=" ">
         <subfield code="a">eng</subfield>
         <subfield code="a">ger</subfield>
      </datafield>
      <datafield tag="043" ind1=" " ind2=" ">
         <subfield code="a">a-tu---</subfield>
      </datafield>
      <datafield tag="050" ind1=" " ind2="4">
         <subfield code="a">DS156.K67</subfield>
         <subfield code="b">K67 1975</subfield>
      </datafield>
      <datafield tag="079" ind1=" " ind2=" ">
         <subfield code="a">(OCoLC)610534540</subfield>
      </datafield>
      <datafield tag="100" ind1="1" ind2=" ">
         <subfield code="a">Loon, Maurits Nanning van,</subfield>
         <subfield code="e">editor.</subfield>
      </datafield>
      <datafield tag="245" ind1="1" ind2="0">
         <subfield code="a">Korucutepe :</subfield>
         <subfield code="b">final report on the excavations of the University of Chicago, California (los Angeles) and Amsterdam in the Keban Reservoir, Eastern Anatolia 1968-1970 /</subfield>
         <subfield code="c">edited by Maurits N. van loon.</subfield>
      </datafield>
      <datafield tag="260" ind1=" " ind2=" ">
         <subfield code="a">Amsterdam :</subfield>
         <subfield code="b">North-Holland Publishing Co.,</subfield>
         <subfield code="c">1975-1980.</subfield>
      </datafield>
      <datafield tag="300" ind1=" " ind2=" ">
         <subfield code="a">3 volumes :</subfield>
         <subfield code="b">illustrations, plates (4 color), diag., map, plans, tables ;</subfield>
         <subfield code="c">25-30 cm.</subfield>
      </datafield>
      <datafield tag="336" ind1=" " ind2=" ">
         <subfield code="a">text</subfield>
         <subfield code="b">txt</subfield>
         <subfield code="2">rdacontent</subfield>
      </datafield>
      <datafield tag="336" ind1=" " ind2=" ">
         <subfield code="a">still image</subfield>
         <subfield code="b">sti</subfield>
         <subfield code="2">rdacontent</subfield>
      </datafield>
      <datafield tag="337" ind1=" " ind2=" ">
         <subfield code="a">unmediated</subfield>
         <subfield code="b">n</subfield>
         <subfield code="2">rdamedia</subfield>
      </datafield>
      <datafield tag="338" ind1=" " ind2=" ">
         <subfield code="a">volume</subfield>
         <subfield code="b">nc</subfield>
         <subfield code="2">rdacarrier</subfield>
      </datafield>
      <datafield tag="490" ind1="1" ind2=" ">
         <subfield code="a">Studies in ancient civilization (Allard Pierson Foundation)</subfield>
      </datafield>
      <datafield tag="505" ind1="0" ind2="0">
         <subfield code="g">Vol. 1.</subfield>
         <subfield code="g">pt. 1.</subfield>
         <subfield code="t">Tierknochenfunde vom Korucutepe bei Elâziğ in Ostanatolien /</subfield>
         <subfield code="r">J. Boessneck, A. von den Driesch --</subfield>
         <subfield code="g">pt. 2.</subfield>
         <subfield code="t">Prehistoric and early historic plant husbandry in the Altınovan Plain, south-eastern Turkey /</subfield>
         <subfield code="r">W. van Zeist, J.A.H. Bakker-Heeres.</subfield>
         <subfield code="g">vol. 2.</subfield>
         <subfield code="g">pt. 3.</subfield>
         <subfield code="t">Architecture and stratigraphy.</subfield>
         <subfield code="t">Architecture and stratigraphy /</subfield>
         <subfield code="r">Maurits N. van Loon --</subfield>
         <subfield code="t">The fortification wall /</subfield>
         <subfield code="r">Carol M. Bier --</subfield>
         <subfield code="g">pt. 4.</subfield>
         <subfield code="t">Phases A-B, the Chalcolithic age.</subfield>
         <subfield code="t">The Chalcolithic pottery /</subfield>
         <subfield code="r">Roelof W. Brandt --</subfield>
         <subfield code="t">The other Chalcolithic finds /</subfield>
         <subfield code="r">Roelof W. Brandt --</subfield>
         <subfield code="g">pt. 5.</subfield>
         <subfield code="t">Phases C-F, the early Bronze Age.</subfield>
         <subfield code="t">The early Bronze Age pottery : descriptive and comparative analysis /</subfield>
         <subfield code="r">Marilyn Kelly-Buccellati --</subfield>
         <subfield code="t">Early Bronze Age awls, pins, needles, spindles, and whorls /</subfield>
         <subfield code="r">Elizabeth E. Griffin and Maurits N. van Loon --</subfield>
         <subfield code="t">The other early Bronze Age finds /</subfield>
         <subfield code="r">Maurits N. van Loon.</subfield>
         <subfield code="g">vol. 3.</subfield>
         <subfield code="g">pt. 6.</subfield>
         <subfield code="t">Phases G-J : the middle and late Bronze Age.</subfield>
         <subfield code="t">The middle and late Bronze Age pottery /</subfield>
         <subfield code="r">Elizabeth E. Griffin --</subfield>
         <subfield code="t">The middle and late Bronze Age objects used to spin, weave, sew, or fasten clothing /</subfield>
         <subfield code="r">Elizabeth E. Griffin --</subfield>
         <subfield code="t">Hittite hieroglyphic seal impressions /</subfield>
         <subfield code="r">Hans G. Güterbock --</subfield>
         <subfield code="t">The other middle and late Bronze Age finds /</subfield>
         <subfield code="r">Maurits N. van Loon --</subfield>
         <subfield code="g">pt. 7.</subfield>
         <subfield code="t">Phase K, the early Iron Age.</subfield>
         <subfield code="t">The early Iron Age pottery /</subfield>
         <subfield code="r">Milton M. Winn --</subfield>
         <subfield code="t">the other early Iron Age finds /</subfield>
         <subfield code="r">Maurits N. van Loon --</subfield>
         <subfield code="g">pt. 8.</subfield>
         <subfield code="t">The Roman age.</subfield>
         <subfield code="t">The Roman Empire period /</subfield>
         <subfield code="r">Henk Stoepker --</subfield>
         <subfield code="g">pt. 9.</subfield>
         <subfield code="t">Phase L : the Middle Ages.</subfield>
         <subfield code="t">The medieval pottery and baked clay objects /</subfield>
         <subfield code="r">Ömür Bakirer --</subfield>
         <subfield code="t">The other medieval objects /</subfield>
         <subfield code="r">Maurits N. van Loon --</subfield>
         <subfield code="g">pt. 10.</subfield>
         <subfield code="t">Conclusion and indexes.</subfield>
         <subfield code="t">Conclusion /</subfield>
         <subfield code="r">Maurits N. van Loon --</subfield>
         <subfield code="t">Indexes /</subfield>
         <subfield code="r">Gerlind Wild-Wülker.</subfield>
      </datafield>
      <datafield tag="500" ind1=" " ind2=" ">
         <subfield code="a">ISAW copy is from the library of Robert D. Biggs.</subfield>
         <subfield code="5">NyNyUAW</subfield>
      </datafield>
      <datafield tag="650" ind1=" " ind2="0">
         <subfield code="a">Prehistoric peoples</subfield>
         <subfield code="z">Turkey.</subfield>
      </datafield>
      <datafield tag="650" ind1=" " ind2="0">
         <subfield code="a">Bronze age</subfield>
         <subfield code="z">Turkey</subfield>
         <subfield code="z">Korucu Tepe.</subfield>
      </datafield>
      <datafield tag="650" ind1=" " ind2="0">
         <subfield code="a">Excavations (Archaeology)</subfield>
         <subfield code="z">Turkey</subfield>
         <subfield code="z">Korucu Tepe.</subfield>
      </datafield>
      <datafield tag="651" ind1=" " ind2="0">
         <subfield code="a">Korucu Tepe (Turkey)</subfield>
         <subfield code="x">Antiquities.</subfield>
      </datafield>
      <datafield tag="650" ind1=" " ind2="7">
         <subfield code="a">Antiquities.</subfield>
         <subfield code="2">fast</subfield>
         <subfield code="0">(OCoLC)fst00810745</subfield>
      </datafield>
      <datafield tag="650" ind1=" " ind2="7">
         <subfield code="a">Prehistoric peoples.</subfield>
         <subfield code="2">fast</subfield>
         <subfield code="0">(OCoLC)fst01075242</subfield>
      </datafield>
      <datafield tag="651" ind1=" " ind2="7">
         <subfield code="a">Turkey.</subfield>
         <subfield code="2">fast</subfield>
         <subfield code="0">(OCoLC)fst01208963</subfield>
      </datafield>
      <datafield tag="651" ind1=" " ind2="7">
         <subfield code="a">Turkey</subfield>
         <subfield code="z">Korucu Tepe.</subfield>
         <subfield code="2">fast</subfield>
         <subfield code="0">(OCoLC)fst01260059</subfield>
      </datafield>
      <datafield tag="651" ind1=" " ind2="7">
         <subfield code="a">Korucutepe.</subfield>
         <subfield code="2">pleiades</subfield>
         <subfield code="0">https://pleiades.stoa.org/places/966705384</subfield>
         <subfield code="5">NyNyUAW</subfield>
      </datafield>
      <datafield tag="700" ind1="1" ind2=" ">
         <subfield code="a">Boessneck, Joachim.</subfield>
      </datafield>
      <datafield tag="700" ind1="1" ind2=" ">
         <subfield code="a">Driesch, Angela von den.</subfield>
      </datafield>
      <datafield tag="700" ind1="1" ind2=" ">
         <subfield code="a">Zeist, Willem van.</subfield>
      </datafield>
      <datafield tag="700" ind1="1" ind2=" ">
         <subfield code="a">Bakker-Heeres, J. A. H.</subfield>
      </datafield>
      <datafield tag="700" ind1="1" ind2=" ">
         <subfield code="a">Bier, Carol Manson.</subfield>
      </datafield>
      <datafield tag="700" ind1="1" ind2=" ">
         <subfield code="a">Brandt, Roelof W.</subfield>
      </datafield>
      <datafield tag="700" ind1="1" ind2=" ">
         <subfield code="a">Kelly-Buccellati, Marilyn.</subfield>
      </datafield>
      <datafield tag="700" ind1="1" ind2=" ">
         <subfield code="a">Griffin, Elizabeth E.</subfield>
      </datafield>
      <datafield tag="700" ind1="1" ind2=" ">
         <subfield code="a">Güterbock, Hans Gustav,</subfield>
         <subfield code="d">1908-2000.</subfield>
      </datafield>
      <datafield tag="700" ind1="1" ind2=" ">
         <subfield code="a">Winn, Milton M.</subfield>
      </datafield>
      <datafield tag="700" ind1="1" ind2=" ">
         <subfield code="a">Stoepker, Henk.</subfield>
      </datafield>
      <datafield tag="700" ind1="1" ind2=" ">
         <subfield code="a">Bakirer, Oemuer.</subfield>
      </datafield>
      <datafield tag="700" ind1="1" ind2=" ">
         <subfield code="a">Wild-Wuelker, Gerlind.</subfield>
      </datafield>
      <datafield tag="700" ind1="1" ind2=" ">
         <subfield code="a">Biggs, Robert D.,</subfield>
         <subfield code="e">former owner.</subfield>
         <subfield code="5">NyNyUAW</subfield>
      </datafield>
      <datafield tag="740" ind1="0" ind2=" ">
         <subfield code="a">Biggs Collection.</subfield>
         <subfield code="5">NyNyUAW</subfield>
      </datafield>
      <datafield tag="830" ind1=" " ind2="0">
         <subfield code="a">Allard Pierson series.</subfield>
      </datafield>
      <datafield tag="OWN" ind1=" " ind2=" ">
         <subfield code="a">GENERAL</subfield>
      </datafield>
      <datafield tag="950" ind1=" " ind2=" ">
         <subfield code="l">BStack</subfield>
         <subfield code="a">DS51.K415</subfield>
         <subfield code="b">L66</subfield>
         <subfield code="i">01/01/01 N</subfield>
         <subfield code="x">1</subfield>
      </datafield>
      <datafield tag="950" ind1=" " ind2=" ">
         <subfield code="l">FStack</subfield>
         <subfield code="a">DS51.K415</subfield>
         <subfield code="b">L66</subfield>
         <subfield code="i">01/01/01 N</subfield>
         <subfield code="x">60</subfield>
      </datafield>
      <datafield tag="AVA" ind1=" " ind2=" ">
         <subfield code="a">NYU50</subfield>
         <subfield code="b">BOBST</subfield>
         <subfield code="c">Main Collection</subfield>
         <subfield code="d">DS51.K415 L66</subfield>
         <subfield code="e">available</subfield>
         <subfield code="t">Available</subfield>
         <subfield code="f">1</subfield>
         <subfield code="g">0</subfield>
         <subfield code="h">Y</subfield>
         <subfield code="i">0</subfield>
         <subfield code="j">MAIN</subfield>
         <subfield code="k">0</subfield>
      </datafield>
      <datafield tag="AVA" ind1=" " ind2=" ">
         <subfield code="a">NYU50</subfield>
         <subfield code="b">NIFA</subfield>
         <subfield code="c">Main Collection</subfield>
         <subfield code="d">DS51.K415 L66 Non-circulating</subfield>
         <subfield code="e">available</subfield>
         <subfield code="t">Available</subfield>
         <subfield code="f">3</subfield>
         <subfield code="g">0</subfield>
         <subfield code="h">Y</subfield>
         <subfield code="i">0</subfield>
         <subfield code="j">MAIN</subfield>
         <subfield code="k">0</subfield>
      </datafield>
      <datafield tag="AVA" ind1=" " ind2=" ">
         <subfield code="a">NYU50</subfield>
         <subfield code="b">NISAW</subfield>
         <subfield code="c">Large Collection</subfield>
         <subfield code="d">DS156.K67 K67 1975 Non-circulating</subfield>
         <subfield code="e">available</subfield>
         <subfield code="t">Available</subfield>
         <subfield code="f">3</subfield>
         <subfield code="g">0</subfield>
         <subfield code="h">Y</subfield>
         <subfield code="i">0</subfield>
         <subfield code="j">LARGE</subfield>
         <subfield code="k">0</subfield>
      </datafield>
      <marc:datafield tag="852" ind1=" " ind2=" ">
         <marc:subfield code="b">Institute for the Study of the Ancient World, </marc:subfield>
         <marc:subfield code="c">Large Collection</marc:subfield>
         <marc:subfield code="e">15 East 84th St., </marc:subfield>
         <marc:subfield code="e">New York, NY  10028</marc:subfield>
      </marc:datafield>
   </record>