
  
  
  
  
  
  
  
  
  
 
  
  <record xsi:schemaLocation="http://www.loc.gov/MARC21/slim http://www.loc.gov/standards/marcxml/schema/MARC21slim.xsd">
      <leader>00000cas a22002534a 4500</leader>
      <controlfield tag="FMT">SE</controlfield>
      <controlfield tag="LDR">00000cas a22002534a 4500</controlfield>
      <controlfield tag="001">000072999</controlfield>
      <controlfield tag="003">NNU</controlfield>
      <controlfield tag="005">20160106095412.0</controlfield>
      <controlfield tag="008">050208c20029999sp ar         0    0eng d</controlfield>
      <datafield tag="022" ind1=" " ind2=" ">
         <subfield code="a">1695-4750</subfield>
      </datafield>
      <datafield tag="035" ind1="9" ind2=" ">
         <subfield code="a">NYUb13041760</subfield>
      </datafield>
      <datafield tag="035" ind1=" " ind2=" ">
         <subfield code="a">(OCoLC)ocm57620055</subfield>
      </datafield>
      <datafield tag="035" ind1=" " ind2=" ">
         <subfield code="a">(NYU)NYUb13041760</subfield>
      </datafield>
      <datafield tag="040" ind1=" " ind2=" ">
         <subfield code="a">EQO</subfield>
         <subfield code="c">EQO</subfield>
         <subfield code="d">NNU</subfield>
      </datafield>
      <datafield tag="041" ind1="0" ind2=" ">
         <subfield code="a">eng</subfield>
         <subfield code="a">fre</subfield>
         <subfield code="a">spa</subfield>
      </datafield>
      <datafield tag="050" ind1="1" ind2="4">
         <subfield code="a">DT57</subfield>
         <subfield code="b">.T72</subfield>
      </datafield>
      <datafield tag="079" ind1=" " ind2=" ">
         <subfield code="a">(OCoLC)57620055</subfield>
      </datafield>
      <datafield tag="110" ind1="2" ind2=" ">
         <subfield code="a">Trabajos de Egiptología.</subfield>
      </datafield>
      <datafield tag="245" ind1="1" ind2="0">
         <subfield code="a">Trabajos de Egiptología :</subfield>
         <subfield code="b">papers on ancient Egypt.</subfield>
      </datafield>
      <datafield tag="260" ind1=" " ind2=" ">
         <subfield code="a">Madrid, Spain :</subfield>
         <subfield code="b">Trabajos de egiptología,</subfield>
         <subfield code="c">2002-</subfield>
      </datafield>
      <datafield tag="300" ind1=" " ind2=" ">
         <subfield code="a">v. ;</subfield>
         <subfield code="c">27 cm.</subfield>
      </datafield>
      <datafield tag="310" ind1=" " ind2=" ">
         <subfield code="a">Annual,</subfield>
         <subfield code="b">2002-</subfield>
      </datafield>
      <datafield tag="362" ind1="0" ind2=" ">
         <subfield code="a">Número 1 (2002)-</subfield>
      </datafield>
      <datafield tag="500" ind1=" " ind2=" ">
         <subfield code="a">Description based on: Número 1 (2002).</subfield>
      </datafield>
      <datafield tag="650" ind1=" " ind2="0">
         <subfield code="a">Egyptology</subfield>
         <subfield code="v">Periodicals.</subfield>
      </datafield>
      <datafield tag="866" ind1="4" ind2="1">
         <subfield code="l">IFA</subfield>
         <subfield code="d">Periodicals</subfield>
         <subfield code="e">0506</subfield>
         <subfield code="j">1</subfield>
         <subfield code="k">2002</subfield>
      </datafield>
      <datafield tag="OWN" ind1=" " ind2=" ">
         <subfield code="a">GENERAL</subfield>
      </datafield>
      <datafield tag="AVA" ind1=" " ind2=" ">
         <subfield code="a">NYU50</subfield>
         <subfield code="b">NIFA</subfield>
         <subfield code="c">Main Collection</subfield>
         <subfield code="d">Periodicals Non-circulating</subfield>
         <subfield code="e">available</subfield>
         <subfield code="t">Available</subfield>
         <subfield code="f">1</subfield>
         <subfield code="g">0</subfield>
         <subfield code="h">Y</subfield>
         <subfield code="i">0</subfield>
         <subfield code="j">MAIN</subfield>
         <subfield code="k">0</subfield>
      </datafield>
      <datafield tag="AVA" ind1=" " ind2=" ">
         <subfield code="a">NYU50</subfield>
         <subfield code="b">NISAW</subfield>
         <subfield code="c">Oak Collection</subfield>
         <subfield code="d">DT57 .T72 Non-circulating</subfield>
         <subfield code="e">available</subfield>
         <subfield code="t">Available</subfield>
         <subfield code="f">7</subfield>
         <subfield code="g">0</subfield>
         <subfield code="h">Y</subfield>
         <subfield code="i">0</subfield>
         <subfield code="j">OAK</subfield>
         <subfield code="k">0</subfield>
      </datafield>
      <marc:datafield tag="852" ind1=" " ind2=" ">
         <marc:subfield code="b">Institute for the Study of the Ancient World, </marc:subfield>
         <marc:subfield code="c">Oak Collection</marc:subfield>
         <marc:subfield code="e">15 East 84th St., </marc:subfield>
         <marc:subfield code="e">New York, NY  10028</marc:subfield>
      </marc:datafield>
   </record>