
  
  
  
  
  
  
  
  
  
 
  
  <record xsi:schemaLocation="http://www.loc.gov/MARC21/slim http://www.loc.gov/standards/marcxml/schema/MARC21slim.xsd">
      <leader>00000cam a22      i 4500</leader>
      <controlfield tag="FMT">BK</controlfield>
      <controlfield tag="LDR">00000cam a22      i 4500</controlfield>
      <controlfield tag="001">004599661</controlfield>
      <controlfield tag="005">20170203140448.0</controlfield>
      <controlfield tag="008">160405m20159999is b     b    001 0 eng d</controlfield>
      <datafield tag="010" ind1=" " ind2=" ">
         <subfield code="a">  2016379713</subfield>
      </datafield>
      <datafield tag="020" ind1=" " ind2=" ">
         <subfield code="a">9789652082015</subfield>
      </datafield>
      <datafield tag="020" ind1=" " ind2=" ">
         <subfield code="a">9652082015</subfield>
      </datafield>
      <datafield tag="035" ind1=" " ind2=" ">
         <subfield code="a">(OCoLC)934283453</subfield>
         <subfield code="z">(OCoLC)933714734</subfield>
      </datafield>
      <datafield tag="040" ind1=" " ind2=" ">
         <subfield code="a">HLS</subfield>
         <subfield code="b">eng</subfield>
         <subfield code="e">rda</subfield>
         <subfield code="c">HLS</subfield>
         <subfield code="d">DLC</subfield>
         <subfield code="d">OCLCO</subfield>
         <subfield code="d">OCLCA</subfield>
         <subfield code="d">YDXCP</subfield>
         <subfield code="d">BTCTA</subfield>
         <subfield code="d">MEAUC</subfield>
         <subfield code="d">YYP</subfield>
         <subfield code="d">CUY</subfield>
         <subfield code="d">OSU</subfield>
         <subfield code="d">ZYU</subfield>
      </datafield>
      <datafield tag="041" ind1="0" ind2=" ">
         <subfield code="a">eng</subfield>
         <subfield code="a">heb</subfield>
      </datafield>
      <datafield tag="042" ind1=" " ind2=" ">
         <subfield code="a">lccopycat</subfield>
      </datafield>
      <datafield tag="043" ind1=" " ind2=" ">
         <subfield code="a">a-is---</subfield>
         <subfield code="a">aw-----</subfield>
         <subfield code="a">awba---</subfield>
         <subfield code="a">awgz---</subfield>
      </datafield>
      <datafield tag="050" ind1="0" ind2="0">
         <subfield code="a">DS103.5</subfield>
         <subfield code="b">.D52 2015</subfield>
      </datafield>
      <datafield tag="079" ind1=" " ind2=" ">
         <subfield code="a">(OCoLC)934283453</subfield>
      </datafield>
      <datafield tag="100" ind1="1" ind2=" ">
         <subfield code="a">Di Segni, L.</subfield>
         <subfield code="q">(Leah),</subfield>
         <subfield code="e">author.</subfield>
      </datafield>
      <datafield tag="245" ind1="1" ind2="4">
         <subfield code="6">880-01</subfield>
         <subfield code="a">The Onomasticon of Iudaea :</subfield>
         <subfield code="b">Palaestina and Arabia in the Greek and Latin sources = ha-Onomasṭiḳon shel Yudaiʼah : Palesṭinah ṿe-ʻArabiyah ba-meḳorot ha-Yeṿaniyim ṿeha-Laṭiniyim /</subfield>
         <subfield code="c">by Leah Di Segni and Yoram Tsafrir ; with Judith Green.</subfield>
      </datafield>
      <datafield tag="246" ind1="1" ind2="5">
         <subfield code="6">880-02</subfield>
         <subfield code="a">Onomasṭiḳon shel Yudaiʼah :</subfield>
         <subfield code="b">Palesṭinah ṿe-ʻArabiyah ba-meḳorot ha-Yeṿaniyim ṿeha-Laṭiniyim</subfield>
      </datafield>
      <datafield tag="264" ind1=" " ind2="1">
         <subfield code="a">Jerusalem :</subfield>
         <subfield code="b">The Israel Academy of Sciences and Humanities,</subfield>
         <subfield code="c">2015-</subfield>
      </datafield>
      <datafield tag="264" ind1=" " ind2="4">
         <subfield code="c">©2015-</subfield>
      </datafield>
      <datafield tag="300" ind1=" " ind2=" ">
         <subfield code="a">volumes &lt;1&gt; :</subfield>
         <subfield code="b">maps ;</subfield>
         <subfield code="c">28 cm</subfield>
      </datafield>
      <datafield tag="336" ind1=" " ind2=" ">
         <subfield code="a">text</subfield>
         <subfield code="b">txt</subfield>
         <subfield code="2">rdacontent</subfield>
      </datafield>
      <datafield tag="337" ind1=" " ind2=" ">
         <subfield code="a">unmediated</subfield>
         <subfield code="b">n</subfield>
         <subfield code="2">rdamedia</subfield>
      </datafield>
      <datafield tag="338" ind1=" " ind2=" ">
         <subfield code="a">volume</subfield>
         <subfield code="b">nc</subfield>
         <subfield code="2">rdacarrier</subfield>
      </datafield>
      <datafield tag="490" ind1="1" ind2=" ">
         <subfield code="a">Publications of the Israel Academy of Sciences and Humanities</subfield>
      </datafield>
      <datafield tag="490" ind1="0" ind2=" ">
         <subfield code="6">880-03</subfield>
         <subfield code="a">Publications of the Israel Academy of Sciences and Humanities, Section of Humanities.</subfield>
      </datafield>
      <datafield tag="500" ind1=" " ind2=" ">
         <subfield code="a">Added title page in Hebrew.</subfield>
      </datafield>
      <datafield tag="505" ind1="1" ind2=" ">
         <subfield code="a">volume 1. Introduction, sources, major texts</subfield>
      </datafield>
      <datafield tag="504" ind1=" " ind2=" ">
         <subfield code="a">Includes bibliographical references and indexes.</subfield>
      </datafield>
      <datafield tag="650" ind1=" " ind2="0">
         <subfield code="a">Names, Geographical</subfield>
         <subfield code="z">Israel.</subfield>
      </datafield>
      <datafield tag="650" ind1=" " ind2="0">
         <subfield code="a">Names, Geographical</subfield>
         <subfield code="z">Middle East.</subfield>
      </datafield>
      <datafield tag="650" ind1=" " ind2="0">
         <subfield code="a">Geography, Ancient</subfield>
         <subfield code="v">Sources.</subfield>
      </datafield>
      <datafield tag="651" ind1=" " ind2="0">
         <subfield code="a">Palestine</subfield>
         <subfield code="x">History</subfield>
         <subfield code="y">To 70 A.D.</subfield>
      </datafield>
      <datafield tag="651" ind1=" " ind2="0">
         <subfield code="a">Middle East</subfield>
         <subfield code="x">History</subfield>
         <subfield code="y">To 622.</subfield>
      </datafield>
      <datafield tag="651" ind1=" " ind2="7">
         <subfield code="a">Iudaea.</subfield>
         <subfield code="2">pleiades</subfield>
         <subfield code="0">https://pleiades.stoa.org/places/687934</subfield>
         <subfield code="5">NyNyUAW</subfield>
      </datafield>
      <datafield tag="650" ind1=" " ind2="7">
         <subfield code="a">Geography, Ancient.</subfield>
         <subfield code="2">fast</subfield>
         <subfield code="0">(OCoLC)fst00940567</subfield>
      </datafield>
      <datafield tag="650" ind1=" " ind2="7">
         <subfield code="a">Names, Geographical.</subfield>
         <subfield code="2">fast</subfield>
         <subfield code="0">(OCoLC)fst01032409</subfield>
      </datafield>
      <datafield tag="651" ind1=" " ind2="7">
         <subfield code="a">Israel.</subfield>
         <subfield code="2">fast</subfield>
         <subfield code="0">(OCoLC)fst01204236</subfield>
      </datafield>
      <datafield tag="651" ind1=" " ind2="7">
         <subfield code="a">Middle East.</subfield>
         <subfield code="2">fast</subfield>
         <subfield code="0">(OCoLC)fst01241586</subfield>
      </datafield>
      <datafield tag="651" ind1=" " ind2="7">
         <subfield code="a">Middle East</subfield>
         <subfield code="z">Palestine.</subfield>
         <subfield code="2">fast</subfield>
         <subfield code="0">(OCoLC)fst01207534</subfield>
      </datafield>
      <datafield tag="648" ind1=" " ind2="7">
         <subfield code="a">To 622.</subfield>
         <subfield code="2">fast</subfield>
      </datafield>
      <datafield tag="655" ind1=" " ind2="7">
         <subfield code="a">History.</subfield>
         <subfield code="2">fast</subfield>
         <subfield code="0">(OCoLC)fst01411628</subfield>
      </datafield>
      <datafield tag="655" ind1=" " ind2="7">
         <subfield code="a">Sources.</subfield>
         <subfield code="2">fast</subfield>
         <subfield code="0">(OCoLC)fst01423900</subfield>
      </datafield>
      <datafield tag="700" ind1="1" ind2=" ">
         <subfield code="a">Tsafrir, Yoram,</subfield>
         <subfield code="e">author.</subfield>
      </datafield>
      <datafield tag="700" ind1="1" ind2=" ">
         <subfield code="a">Green, Judith,</subfield>
         <subfield code="d">1944-</subfield>
         <subfield code="e">author.</subfield>
      </datafield>
      <datafield tag="880" ind1="1" ind2="4">
         <subfield code="6">245-01/</subfield>
         <subfield code="a">The Onomasticon of Iudaea :</subfield>
         <subfield code="b">Palaestina and Arabia in the Greek and Latin sources = האונומסטיקון של יודיאה : פלסטינה וערביה במקורות היווניים והלטיניים /</subfield>
         <subfield code="c">by Leah Di Segni and Yoram Tsafrir, with Judith Green.</subfield>
      </datafield>
      <datafield tag="880" ind1="1" ind2="5">
         <subfield code="6">246-02/</subfield>
         <subfield code="a">אונומסטיקון של יודיאה :</subfield>
         <subfield code="b">פלסטינה וערביה במקורות היווניים והלטיניים</subfield>
      </datafield>
      <datafield tag="880" ind1="1" ind2=" ">
         <subfield code="6">490-03/</subfield>
         <subfield code="a">כתבי האקדמיה הלאומית הישראלית למדעים, החטיבה למדעי הרוח</subfield>
      </datafield>
      <datafield tag="830" ind1=" " ind2="0">
         <subfield code="a">Publications of the Israel Academy of Sciences and Humanities.</subfield>
      </datafield>
      <datafield tag="830" ind1=" " ind2="0">
         <subfield code="a">Kitve ha-Aḳademyah ha-leʼumit ha-Yiśreʼelit le-madaʻim, ha-Ḥaṭivah le-madaʻe-ha-ruaḥ.</subfield>
      </datafield>
      <datafield tag="OWN" ind1=" " ind2=" ">
         <subfield code="a">GENERAL</subfield>
      </datafield>
      <datafield tag="AVA" ind1=" " ind2=" ">
         <subfield code="a">NYU50</subfield>
         <subfield code="b">NISAW</subfield>
         <subfield code="c">Small Collection</subfield>
         <subfield code="d">DS103.5 .D52 2015 Non-circulating</subfield>
         <subfield code="e">available</subfield>
         <subfield code="t">Available</subfield>
         <subfield code="f">1</subfield>
         <subfield code="g">0</subfield>
         <subfield code="h">N</subfield>
         <subfield code="i">0</subfield>
         <subfield code="j">SMALL</subfield>
         <subfield code="k">0</subfield>
      </datafield>
      <marc:datafield tag="852" ind1=" " ind2=" ">
         <marc:subfield code="b">Institute for the Study of the Ancient World, </marc:subfield>
         <marc:subfield code="c">Small Collection</marc:subfield>
         <marc:subfield code="e">15 East 84th St., </marc:subfield>
         <marc:subfield code="e">New York, NY  10028</marc:subfield>
      </marc:datafield>
   </record>