
  
  
  
  
  
  
  
 
  
  <record xsi:schemaLocation="http://www.loc.gov/MARC21/slim http://www.loc.gov/standards/marcxml/schema/MARC21slim.xsd">
      <leader>00000cam a22      i 4500</leader>
      <controlfield tag="FMT">BK</controlfield>
      <controlfield tag="LDR">00000cam a22      i 4500</controlfield>
      <controlfield tag="001">004599967</controlfield>
      <controlfield tag="005">20170203141154.0</controlfield>
      <controlfield tag="008">170131s2014    xxka     b    101 0 eng</controlfield>
      <datafield tag="010" ind1=" " ind2=" ">
         <subfield code="a">  2014027157</subfield>
      </datafield>
      <datafield tag="015" ind1=" " ind2=" ">
         <subfield code="a">GBB485177</subfield>
         <subfield code="2">bnb</subfield>
      </datafield>
      <datafield tag="016" ind1="7" ind2=" ">
         <subfield code="a">016822935</subfield>
         <subfield code="2">Uk</subfield>
      </datafield>
      <datafield tag="020" ind1=" " ind2=" ">
         <subfield code="a">9781782977582</subfield>
      </datafield>
      <datafield tag="020" ind1=" " ind2=" ">
         <subfield code="a">1782977589</subfield>
      </datafield>
      <datafield tag="020" ind1=" " ind2=" ">
         <subfield code="a">9781782976516</subfield>
         <subfield code="q">(hardback edition)</subfield>
      </datafield>
      <datafield tag="020" ind1=" " ind2=" ">
         <subfield code="a">1782976515</subfield>
         <subfield code="q">(hardback edition)</subfield>
      </datafield>
      <datafield tag="020" ind1=" " ind2=" ">
         <subfield code="a">9781782977599</subfield>
         <subfield code="q">(digital edition)</subfield>
      </datafield>
      <datafield tag="020" ind1=" " ind2=" ">
         <subfield code="a">1782977597</subfield>
         <subfield code="q">(digital edition)</subfield>
      </datafield>
      <datafield tag="024" ind1="8" ind2=" ">
         <subfield code="a">40024490523</subfield>
      </datafield>
      <datafield tag="035" ind1=" " ind2=" ">
         <subfield code="a">(OCoLC)877846477</subfield>
         <subfield code="z">(OCoLC)877372237</subfield>
         <subfield code="z">(OCoLC)902616391</subfield>
      </datafield>
      <datafield tag="040" ind1=" " ind2=" ">
         <subfield code="a">DLC</subfield>
         <subfield code="b">eng</subfield>
         <subfield code="e">rda</subfield>
         <subfield code="c">DLC</subfield>
         <subfield code="d">YDX</subfield>
         <subfield code="d">BTCTA</subfield>
         <subfield code="d">UKMGB</subfield>
         <subfield code="d">ERASA</subfield>
         <subfield code="d">YDXCP</subfield>
         <subfield code="d">OCLCF</subfield>
         <subfield code="d">DEBSZ</subfield>
         <subfield code="d">YUS</subfield>
         <subfield code="d">ZCU</subfield>
         <subfield code="d">CDX</subfield>
         <subfield code="d">PUL</subfield>
         <subfield code="d">STF</subfield>
         <subfield code="d">FDA</subfield>
         <subfield code="d">OCLCQ</subfield>
         <subfield code="d">S3O</subfield>
         <subfield code="d">EUN</subfield>
         <subfield code="d">NNU</subfield>
      </datafield>
      <datafield tag="042" ind1=" " ind2=" ">
         <subfield code="a">pcc</subfield>
      </datafield>
      <datafield tag="043" ind1=" " ind2=" ">
         <subfield code="a">aw-----</subfield>
         <subfield code="a">ff-----</subfield>
         <subfield code="a">e------</subfield>
         <subfield code="a">a-iq---</subfield>
         <subfield code="a">f-ua---</subfield>
      </datafield>
      <datafield tag="050" ind1="0" ind2="0">
         <subfield code="a">HC31</subfield>
         <subfield code="b">.D63 2014</subfield>
      </datafield>
      <datafield tag="082" ind1="0" ind2="0">
         <subfield code="a">330.935/5</subfield>
         <subfield code="2">23</subfield>
      </datafield>
      <datafield tag="084" ind1=" " ind2=" ">
         <subfield code="a">330.9355</subfield>
         <subfield code="2">23</subfield>
      </datafield>
      <datafield tag="245" ind1="0" ind2="0">
         <subfield code="a">Documentary sources in ancient Near Eastern and Greco-Roman economic history :</subfield>
         <subfield code="b">methodology and practice /</subfield>
         <subfield code="c">edited by Heather D. Baker and Michael Jursa.</subfield>
      </datafield>
      <datafield tag="264" ind1=" " ind2="1">
         <subfield code="a">Oxford ;</subfield>
         <subfield code="a">Philadelphia :</subfield>
         <subfield code="b">Oxbow Books,</subfield>
         <subfield code="c">2014.</subfield>
      </datafield>
      <datafield tag="300" ind1=" " ind2=" ">
         <subfield code="a">iv, 338 pages :</subfield>
         <subfield code="b">illustrations ;</subfield>
         <subfield code="c">25 cm</subfield>
      </datafield>
      <datafield tag="336" ind1=" " ind2=" ">
         <subfield code="a">text</subfield>
         <subfield code="b">txt</subfield>
         <subfield code="2">rdacontent</subfield>
      </datafield>
      <datafield tag="337" ind1=" " ind2=" ">
         <subfield code="a">unmediated</subfield>
         <subfield code="b">n</subfield>
         <subfield code="2">rdamedia</subfield>
      </datafield>
      <datafield tag="338" ind1=" " ind2=" ">
         <subfield code="a">volume</subfield>
         <subfield code="b">nc</subfield>
         <subfield code="2">rdacarrier</subfield>
      </datafield>
      <datafield tag="500" ind1=" " ind2=" ">
         <subfield code="a">Proceedings of interdisciplinary conference held in Vienna, 2008.</subfield>
      </datafield>
      <datafield tag="504" ind1=" " ind2=" ">
         <subfield code="a">Includes bibliographical references and indexes.</subfield>
      </datafield>
      <datafield tag="505" ind1="0" ind2="0">
         <subfield code="a"/>
         <subfield code="g">1.</subfield>
         <subfield code="t">Introduction /</subfield>
         <subfield code="r">M. Jursa --</subfield>
         <subfield code="g">2.</subfield>
         <subfield code="t">House Size and Household Structure: Quantitative Data in the Study of Babylonian Urban Living Conditions /</subfield>
         <subfield code="r">H.D. Baker --</subfield>
         <subfield code="g">3.</subfield>
         <subfield code="t">The Historian and the Old Babylonian Archives /</subfield>
         <subfield code="r">D. Charpin --</subfield>
         <subfield code="g">4.</subfield>
         <subfield code="t">The Old Assyrian Trade and its Participants /</subfield>
         <subfield code="r">J.G. Dercksen --</subfield>
         <subfield code="g">5.</subfield>
         <subfield code="t">Economic Development in Babylonia from the Late 7th to the Late 4th Century BC: Economic Growth and Economic Crises in Imperial Contexts /</subfield>
         <subfield code="r">M. Jursa --</subfield>
         <subfield code="g">6.</subfield>
         <subfield code="t">Legal Institutions and Agrarian Change in the Roman Empire /</subfield>
         <subfield code="r">D. Kehoe --</subfield>
         <subfield code="g">7.</subfield>
         <subfield code="t">The Papyrological Evidence for Water-Lifting Technology /</subfield>
         <subfield code="r">M. Malouta --</subfield>
         <subfield code="g">8.</subfield>
         <subfield code="t">Plagues and Prices: Locusts /</subfield>
         <subfield code="r">R. Pirngruber --</subfield>
         <subfield code="g">9.</subfield>
         <subfield code="t">On Payment Transactions and Monetisation in the Rural Areas of Late Antique Egypt: the Case Study of Small-Format Documents /</subfield>
         <subfield code="r">S. Tost --</subfield>
         <subfield code="g">10.</subfield>
         <subfield code="t">Social Network Analysis of Cuneiform Archives: a New Approach /</subfield>
         <subfield code="r">C. Waerzeggers --</subfield>
         <subfield code="g">11.</subfield>
         <subfield code="t">The Volatility of Prices of Barley and Dates in Babylon in the Third and Second Centuries BC /</subfield>
         <subfield code="r">R.J. van der Spek --</subfield>
         <subfield code="g">12.</subfield>
         <subfield code="t">Wheat Prices in Ptolemaic Egypt /</subfield>
         <subfield code="r">S. von Reden --</subfield>
         <subfield code="g">13.</subfield>
         <subfield code="t">Mediterranean Grain Prices c. 300 to 31 BC: the Impact of Rome /</subfield>
         <subfield code="r">D. Rathbone --</subfield>
         <subfield code="g">14.</subfield>
         <subfield code="t">Mediterranean and Near Eastern Grain Prices c. 300 to 31 BC: Some Preliminary Conclusions /</subfield>
         <subfield code="r">D. Rathbone --</subfield>
         <subfield code="t">Index.</subfield>
      </datafield>
      <datafield tag="520" ind1=" " ind2=" ">
         <subfield code="a">"This volume breaks new ground in approaching the Ancient Economy by bringing together documentary sources from Mesopotamia and the Greco-Roman world. Addressing textual corpora that have traditionally been studied separately, the collected papers overturn the conventional view of a fundamental divide between the economic institutions of these two regions. The premise is that, while controlling for differences, texts from either cultural setting can be brought to bear on the other and can shed light, through their use as proxy data, on such questions as economic mentalities and market development"--</subfield>
         <subfield code="c">Back cover.</subfield>
      </datafield>
      <datafield tag="650" ind1=" " ind2="0">
         <subfield code="a">Economic history</subfield>
         <subfield code="y">To 500</subfield>
         <subfield code="v">Congresses.</subfield>
      </datafield>
      <datafield tag="651" ind1=" " ind2="0">
         <subfield code="a">Babylonia</subfield>
         <subfield code="x">Economic conditions</subfield>
         <subfield code="v">Congresses.</subfield>
      </datafield>
      <datafield tag="651" ind1=" " ind2="0">
         <subfield code="a">Rome</subfield>
         <subfield code="x">Economic conditions</subfield>
         <subfield code="y">30 B.C.-476 A.D.</subfield>
         <subfield code="v">Congresses.</subfield>
      </datafield>
      <datafield tag="651" ind1=" " ind2="0">
         <subfield code="a">Rome</subfield>
         <subfield code="x">Economic conditions</subfield>
         <subfield code="y">510-30 B.C.</subfield>
         <subfield code="v">Congresses.</subfield>
      </datafield>
      <datafield tag="651" ind1=" " ind2="0">
         <subfield code="a">Egypt</subfield>
         <subfield code="x">Economic conditions</subfield>
         <subfield code="y">332 B.C.-640 A.D.</subfield>
         <subfield code="v">Congresses.</subfield>
      </datafield>
      <datafield tag="650" ind1=" " ind2="7">
         <subfield code="a">Economic history.</subfield>
         <subfield code="2">fast</subfield>
         <subfield code="0">(OCoLC)fst00901974</subfield>
      </datafield>
      <datafield tag="651" ind1=" " ind2="7">
         <subfield code="a">Egypt.</subfield>
         <subfield code="2">fast</subfield>
         <subfield code="0">(OCoLC)fst01208755</subfield>
      </datafield>
      <datafield tag="651" ind1=" " ind2="7">
         <subfield code="a">Middle East</subfield>
         <subfield code="z">Babylonia.</subfield>
         <subfield code="2">fast</subfield>
         <subfield code="0">(OCoLC)fst01219361</subfield>
      </datafield>
      <datafield tag="651" ind1=" " ind2="7">
         <subfield code="a">Rome (Empire)</subfield>
         <subfield code="2">fast</subfield>
         <subfield code="0">(OCoLC)fst01204885</subfield>
      </datafield>
      <datafield tag="650" ind1=" " ind2="7">
         <subfield code="a">Ekonomisk historia.</subfield>
         <subfield code="2">sao</subfield>
      </datafield>
      <datafield tag="651" ind1=" " ind2="7">
         <subfield code="a">Babylonien</subfield>
         <subfield code="x">ekonomiska förhållanden</subfield>
         <subfield code="x">historia.</subfield>
         <subfield code="2">sao</subfield>
      </datafield>
      <datafield tag="651" ind1=" " ind2="7">
         <subfield code="a">Grekland</subfield>
         <subfield code="x">ekonomiska förhållanden</subfield>
         <subfield code="x">historia.</subfield>
         <subfield code="2">sao</subfield>
      </datafield>
      <datafield tag="651" ind1=" " ind2="7">
         <subfield code="a">Romerska riket</subfield>
         <subfield code="x">ekonomiska förhållanden</subfield>
         <subfield code="x">historia.</subfield>
         <subfield code="2">sao</subfield>
      </datafield>
      <datafield tag="648" ind1=" " ind2="7">
         <subfield code="a">To 640.</subfield>
         <subfield code="2">fast</subfield>
      </datafield>
      <datafield tag="648" ind1=" " ind2="7">
         <subfield code="a">Antiken.</subfield>
         <subfield code="2">sao</subfield>
      </datafield>
      <datafield tag="700" ind1="1" ind2=" ">
         <subfield code="a">Baker, Heather D.,</subfield>
         <subfield code="e">editor.</subfield>
      </datafield>
      <datafield tag="700" ind1="1" ind2=" ">
         <subfield code="a">Jursa, Michael,</subfield>
         <subfield code="e">editor.</subfield>
      </datafield>
      <datafield tag="776" ind1="0" ind2="8">
         <subfield code="i">Online version:</subfield>
         <subfield code="t">Documentary sources in ancient Near Eastern and Greco-Roman economic history.</subfield>
         <subfield code="d">Philadelphia ; Oxford : Oxbow Books, 2014</subfield>
         <subfield code="z">9781782977599</subfield>
         <subfield code="w">(DLC) 2014027386</subfield>
      </datafield>
      <datafield tag="OWN" ind1=" " ind2=" ">
         <subfield code="a">GENERAL</subfield>
      </datafield>
      <datafield tag="AVA" ind1=" " ind2=" ">
         <subfield code="a">NYU50</subfield>
         <subfield code="b">NISAW</subfield>
         <subfield code="c">Small Collection</subfield>
         <subfield code="d">HC31 .D63 2014 Non-circulating</subfield>
         <subfield code="e">available</subfield>
         <subfield code="t">Available</subfield>
         <subfield code="f">1</subfield>
         <subfield code="g">0</subfield>
         <subfield code="h">N</subfield>
         <subfield code="i">0</subfield>
         <subfield code="j">SMALL</subfield>
         <subfield code="k">0</subfield>
      </datafield>
      <marc:datafield tag="852" ind1=" " ind2=" ">
         <marc:subfield code="b">Institute for the Study of the Ancient World, </marc:subfield>
         <marc:subfield code="c">Small Collection</marc:subfield>
         <marc:subfield code="e">15 East 84th St., </marc:subfield>
         <marc:subfield code="e">New York, NY  10028</marc:subfield>
      </marc:datafield>
   </record>