
  
  
  
  
  
  
  
  
 
  
  <record xsi:schemaLocation="http://www.loc.gov/MARC21/slim http://www.loc.gov/standards/marcxml/schema/MARC21slim.xsd">
      <leader>00000cam a2200385Ii 4500</leader>
      <controlfield tag="FMT">BK</controlfield>
      <controlfield tag="LDR">00000cam a2200385Ii 4500</controlfield>
      <controlfield tag="001">004599663</controlfield>
      <controlfield tag="003">OCoLC</controlfield>
      <controlfield tag="005">20170307120009.0</controlfield>
      <controlfield tag="008">170131t20162016it aeh   b    101 0 ita d</controlfield>
      <datafield tag="020" ind1=" " ind2=" ">
         <subfield code="a">9788894171846</subfield>
      </datafield>
      <datafield tag="020" ind1=" " ind2=" ">
         <subfield code="a">8894171841</subfield>
      </datafield>
      <datafield tag="035" ind1=" " ind2=" ">
         <subfield code="a">(OCoLC)970692990</subfield>
      </datafield>
      <datafield tag="040" ind1=" " ind2=" ">
         <subfield code="a">ZYU</subfield>
         <subfield code="b">eng</subfield>
         <subfield code="e">rda</subfield>
         <subfield code="c">ZYU</subfield>
         <subfield code="d">ZYU</subfield>
      </datafield>
      <datafield tag="041" ind1="1" ind2=" ">
         <subfield code="a">ita</subfield>
         <subfield code="a">grc</subfield>
         <subfield code="a">lat</subfield>
         <subfield code="a">fre</subfield>
         <subfield code="h">grc</subfield>
      </datafield>
      <datafield tag="050" ind1=" " ind2="4">
         <subfield code="a">R135</subfield>
         <subfield code="b">.M39 2016</subfield>
      </datafield>
      <datafield tag="079" ind1=" " ind2=" ">
         <subfield code="a">(OCoLC)970692990</subfield>
      </datafield>
      <datafield tag="245" ind1="0" ind2="0">
         <subfield code="a">Medica-papyrologica :</subfield>
         <subfield code="b">specimina di ricerca presentati al convegno "Parlare la medicina" (Parma, 5-7 settembre 2016) /</subfield>
         <subfield code="c">a cura di Nicola Reggiani.</subfield>
      </datafield>
      <datafield tag="246" ind1="1" ind2="8">
         <subfield code="a">Specimina di ricerca presentati al convegno "Parlare la medicina" (Parma, 5-7 settembre 2016)</subfield>
      </datafield>
      <datafield tag="264" ind1=" " ind2="1">
         <subfield code="a">Parma :</subfield>
         <subfield code="b">Bottega del Libro ;</subfield>
         <subfield code="c">[2016]</subfield>
      </datafield>
      <datafield tag="264" ind1=" " ind2="4">
         <subfield code="c">©2016</subfield>
      </datafield>
      <datafield tag="300" ind1=" " ind2=" ">
         <subfield code="a">150 pages :</subfield>
         <subfield code="b">illustrations (some color), color facsimiles, color plans ;</subfield>
         <subfield code="c">23 cm.</subfield>
      </datafield>
      <datafield tag="336" ind1=" " ind2=" ">
         <subfield code="a">text</subfield>
         <subfield code="b">txt</subfield>
         <subfield code="2">rdacontent</subfield>
      </datafield>
      <datafield tag="337" ind1=" " ind2=" ">
         <subfield code="a">unmediated</subfield>
         <subfield code="b">n</subfield>
         <subfield code="2">rdamedia</subfield>
      </datafield>
      <datafield tag="338" ind1=" " ind2=" ">
         <subfield code="a">volume</subfield>
         <subfield code="b">nc</subfield>
         <subfield code="2">rdacarrier</subfield>
      </datafield>
      <datafield tag="490" ind1="1" ind2=" ">
         <subfield code="a">TraPassatoFuturo ;</subfield>
         <subfield code="v">1</subfield>
      </datafield>
      <datafield tag="546" ind1=" " ind2=" ">
         <subfield code="a">Text in Italian; contains excerpts in ancient Greek, some with Italian or French translations; contains excerpts in Latin.</subfield>
      </datafield>
      <datafield tag="500" ind1=" " ind2=" ">
         <subfield code="a">Papers presented at the international conference, "Parlare la medicina - fra lingue e culture, nello spazio e nel tempo," held in Parma, Italy, 5-7 September 2016.</subfield>
      </datafield>
      <datafield tag="504" ind1=" " ind2=" ">
         <subfield code="a">Includes bibliographical references and index.</subfield>
      </datafield>
      <datafield tag="505" ind1="0" ind2="0">
         <subfield code="g">Introduzione /</subfield>
         <subfield code="r">Nicola Reggiani --</subfield>
         <subfield code="t">Le borse terapeutiche a vapore nella medicina antica /</subfield>
         <subfield code="r">Isabella Andorlini --</subfield>
         <subfield code="t">La confluenza della tradizione medica greco-alessandrina nel mito fondativo della Schola Salerni /</subfield>
         <subfield code="r">Davide Astori --</subfield>
         <subfield code="t">Il concetto di 'embrione' tra l'India e la Grecia : note per un'analisi multilinguistica e multiculturale /</subfield>
         <subfield code="r">Francesca Bertonazzi --</subfield>
         <subfield code="t">L'etichettatura del farmaco : radici antiche di una tradizione millenaria /</subfield>
         <subfield code="r">Isabella Bonati --</subfield>
         <subfield code="t">Ambulatorio e professione medica nell'Egitto greco-romano : alcune riflessioni su iatreion nei papiri /</subfield>
         <subfield code="r">Giulia Ghiretti --</subfield>
         <subfield code="t">I papiri medici della Papyrussammlung di Berlino : panoramica sul materiale edito e prospettive future /</subfield>
         <subfield code="r">Anna Monte --</subfield>
         <subfield code="t">Tra 'sapere' e 'saper fare' : il problema della standardizzazione delle unità di misura dei liquidi nella testimonianza dei papiri greci d'Egitto /</subfield>
         <subfield code="r">Nicola Reggiani.</subfield>
      </datafield>
      <datafield tag="500" ind1=" " ind2=" ">
         <subfield code="a">ISAW copy is a gift of Roger S. Bagnall.</subfield>
         <subfield code="5">NyNyUAW</subfield>
      </datafield>
      <datafield tag="650" ind1=" " ind2="0">
         <subfield code="a">Medicine, Ancient</subfield>
         <subfield code="v">Congresses.</subfield>
      </datafield>
      <datafield tag="650" ind1=" " ind2="0">
         <subfield code="a">Manuscripts, Greek (Papyri)</subfield>
         <subfield code="v">Congresses.</subfield>
      </datafield>
      <datafield tag="651" ind1=" " ind2="7">
         <subfield code="a">Aegyptus.</subfield>
         <subfield code="2">pleiades</subfield>
         <subfield code="0">https://pleiades.stoa.org/places/766</subfield>
         <subfield code="5">NyNyUAW</subfield>
      </datafield>
      <datafield tag="700" ind1="1" ind2=" ">
         <subfield code="a">Reggiani, Nicola,</subfield>
         <subfield code="e">editor of compilation.</subfield>
      </datafield>
      <datafield tag="711" ind1="2" ind2=" ">
         <subfield code="a">Parlare la medicina</subfield>
         <subfield code="d">(2016 :</subfield>
         <subfield code="c">Parma, Italy),</subfield>
         <subfield code="e">issuing body.</subfield>
      </datafield>
      <datafield tag="700" ind1="1" ind2=" ">
         <subfield code="a">Bagnall, Roger S.,</subfield>
         <subfield code="e">donor.</subfield>
         <subfield code="5">NyNyUAW</subfield>
      </datafield>
      <datafield tag="830" ind1=" " ind2="0">
         <subfield code="a">TraPassatoFuturo ;</subfield>
         <subfield code="v">1.</subfield>
      </datafield>
      <datafield tag="994" ind1=" " ind2=" ">
         <subfield code="a">Z0</subfield>
         <subfield code="b">ZYU</subfield>
      </datafield>
      <datafield tag="OWN" ind1=" " ind2=" ">
         <subfield code="a">GENERAL</subfield>
      </datafield>
      <datafield tag="AVA" ind1=" " ind2=" ">
         <subfield code="a">NYU50</subfield>
         <subfield code="b">NISAW</subfield>
         <subfield code="c">Small Collection</subfield>
         <subfield code="d">R135 .M39 2016 Non-circulating</subfield>
         <subfield code="e">available</subfield>
         <subfield code="t">Available</subfield>
         <subfield code="f">1</subfield>
         <subfield code="g">0</subfield>
         <subfield code="h">N</subfield>
         <subfield code="i">0</subfield>
         <subfield code="j">SMALL</subfield>
         <subfield code="k">0</subfield>
      </datafield>
      <marc:datafield tag="852" ind1=" " ind2=" ">
         <marc:subfield code="b">Institute for the Study of the Ancient World, </marc:subfield>
         <marc:subfield code="c">Small Collection</marc:subfield>
         <marc:subfield code="e">15 East 84th St., </marc:subfield>
         <marc:subfield code="e">New York, NY  10028</marc:subfield>
      </marc:datafield>
   </record>
  
  
  
  
  
  
  
  
  
  
 </collection>
